% Bibliography
%
%
%
%
@article {AL:03,
    AUTHOR = {Adriaenssens, Jan and Le Bruyn, Lieven},
     TITLE = {Local quivers and stable representations},
   JOURNAL = {Comm. Algebra},
  FJOURNAL = {Communications in Algebra},
    VOLUME = {31},
      YEAR = {2003},
    NUMBER = {4},
     PAGES = {1777--1797},
      ISSN = {0092-7872},
   MRCLASS = {16G20 (14L30)},
  MRNUMBER = {1972892},
MRREVIEWER = {Raf Bocklandt},
       DOI = {10.1081/AGB-120018508},
       URL = {https://doi.org/10.1081/AGB-120018508},
}
%
%
@article {AH:99,
    AUTHOR = {Altmann, Klaus and Hille, Lutz},
     TITLE = {Strong exceptional sequences provided by quivers},
   JOURNAL = {Algebr. Represent. Theory},
  FJOURNAL = {Algebras and Representation Theory},
    VOLUME = {2},
      YEAR = {1999},
    NUMBER = {1},
     PAGES = {1--17},
      ISSN = {1386-923X},
   MRCLASS = {16G20 (14M25 52B20)},
  MRNUMBER = {1688469},
MRREVIEWER = {Christof Gei\ss },
       DOI = {10.1023/A:1009990727521},
       URL = {https://doi.org/10.1023/A:1009990727521},
}
%
%
@article {AK:07,
    AUTHOR = {\'{A}lvarez-C\'{o}nsul, Luis and King, Alastair},
     TITLE = {A functorial construction of moduli of sheaves},
   JOURNAL = {Invent. Math.},
  FJOURNAL = {Inventiones Mathematicae},
    VOLUME = {168},
      YEAR = {2007},
    NUMBER = {3},
     PAGES = {613--666},
      ISSN = {0020-9910},
   MRCLASS = {14D20 (14H60)},
  MRNUMBER = {2299563},
MRREVIEWER = {Jean-Marc Drezet},
       DOI = {10.1007/s00222-007-0042-5},
       URL = {https://doi.org/10.1007/s00222-007-0042-5},
}
%
%
@article {AB:83,
    AUTHOR = {Atiyah, M. F. and Bott, R.},
     TITLE = {The {Y}ang-{M}ills equations over {R}iemann surfaces},
   JOURNAL = {Philos. Trans. Roy. Soc. London Ser. A},
  FJOURNAL = {Philosophical Transactions of the Royal Society of London.
              Series A. Mathematical and Physical Sciences},
    VOLUME = {308},
      YEAR = {1983},
    NUMBER = {1505},
     PAGES = {523--615},
      ISSN = {0080-4614},
   MRCLASS = {14F05 (14D22 32G13 32L05 53C05 58E05 58E20 81E13)},
  MRNUMBER = {702806},
MRREVIEWER = {Martin A. Guest},
       DOI = {10.1098/rsta.1983.0017},
       URL = {https://doi.org/10.1098/rsta.1983.0017},
}
%
%
@book {ARS:97,
	    AUTHOR = {Auslander, Maurice and Reiten, Idun and Smal{\o}, Sverre O.},
	     TITLE = {Representation theory of {A}rtin algebras},
	    SERIES = {Cambridge Studies in Advanced Mathematics},
	    VOLUME = {36},
	      NOTE = {Corrected reprint of the 1995 original},
	 PUBLISHER = {Cambridge University Press},
	   ADDRESS = {Cambridge},
	      YEAR = {1997},
	     PAGES = {xiv+425},
	      ISBN = {0-521-41134-3; 0-521-59923-7},
	   MRCLASS = {16Gxx (16-02)},
	  MRNUMBER = {1476671 (98e:16011)},
}
%
%
@book {ASS:06,
	    AUTHOR = {Assem, Ibrahim and Simson, Daniel and Skowro{\'n}ski, Andrzej},
	     TITLE = {Elements of the representation theory of associative algebras. {V}ol. 1},
	    SERIES = {London Mathematical Society Student Texts},
	    VOLUME = {65},
	      NOTE = {Techniques of representation theory},
	 PUBLISHER = {Cambridge University Press},
	   ADDRESS = {Cambridge},
	      YEAR = {2006},
	     PAGES = {x+458},
	      ISBN = {978-0-521-58423-4; 978-0-521-58631-3; 0-521-58631-3},
	   MRCLASS = {16G10 (16-02)},
	  MRNUMBER = {2197389 (2006j:16020)},
	MRREVIEWER = {P. Donovan},
	       DOI = {10.1017/CBO9780511614309},
	       URL = {http://dx.doi.org/10.1017/CBO9780511614309},
}
%
%
@unpublished{Behrend:02,
	author = {Behrend, Kai},
	title = {Cohomology of stacks},
	year = {2002},
	note = {Lectures given at the school and conference on intersection theory and moduli, {S}eptember 9--27},
}
%
%
@article {BZ:05,
    AUTHOR = {Berenstein, Arkady and Zelevinsky, Andrei},
     TITLE = {Quantum cluster algebras},
   JOURNAL = {Adv. Math.},
  FJOURNAL = {Advances in Mathematics},
    VOLUME = {195},
      YEAR = {2005},
    NUMBER = {2},
     PAGES = {405--455},
      ISSN = {0001-8708},
   MRCLASS = {20G42 (14M17 22E46)},
  MRNUMBER = {2146350},
MRREVIEWER = {Oleg V. Ogievetsky},
       DOI = {10.1016/j.aim.2004.08.003},
       URL = {https://doi.org/10.1016/j.aim.2004.08.003},
}
%
%
@preamble{
   "\def\cprime{$'$} "
}
@article {BGP:73,
    AUTHOR = {Bern{\v{s}}te{\u\i}n, I. N. and Gel{\cprime}fand, I. M. and
              Ponomarev, V. A.},
     TITLE = {Coxeter functors, and {G}abriel's theorem},
   JOURNAL = {Uspehi Mat. Nauk},
  FJOURNAL = {Akademiya Nauk SSSR i Moskovskoe Matematicheskoe Obshchestvo.
              Uspekhi Matematicheskikh Nauk},
    VOLUME = {28},
      YEAR = {1973},
    NUMBER = {2(170)},
     PAGES = {19--33},
      ISSN = {0042-1316},
   MRCLASS = {15A03 (05C99 16A64)},
  MRNUMBER = {0393065},
MRREVIEWER = {I. Reiner},
}
%
%
@book {BL:94,
    AUTHOR = {Bernstein, Joseph and Lunts, Valery},
     TITLE = {Equivariant sheaves and functors},
    SERIES = {Lecture Notes in Mathematics},
    VOLUME = {1578},
 PUBLISHER = {Springer-Verlag, Berlin},
      YEAR = {1994},
     PAGES = {iv+139},
      ISBN = {3-540-58071-9},
   MRCLASS = {55N91 (14M25 18E30 54B40 55N30)},
  MRNUMBER = {1299527},
MRREVIEWER = {Yi Hu},
}
%
%
@article {BB:73,
    AUTHOR = {Bia{\l}ynicki-Birula, A.},
     TITLE = {Some theorems on actions of algebraic groups},
   JOURNAL = {Ann. of Math. (2)},
  FJOURNAL = {Annals of Mathematics. Second Series},
    VOLUME = {98},
      YEAR = {1973},
     PAGES = {480--497},
      ISSN = {0003-486X},
   MRCLASS = {14M15 (14L99)},
  MRNUMBER = {0366940},
MRREVIEWER = {Birger Iversen},
       DOI = {10.2307/1970915},
       URL = {https://doi.org/10.2307/1970915},
}
%
%
@book {BCM:02,
    AUTHOR = {Bia{\l}ynicki-Birula, A. and Carrell, J. B. and McGovern, W. M.},
     TITLE = {Algebraic quotients. {T}orus actions and cohomology. {T}he
              adjoint representation and the adjoint action},
    SERIES = {Encyclopaedia of Mathematical Sciences},
    VOLUME = {131},
      NOTE = {Invariant Theory and Algebraic Transformation Groups, II},
 PUBLISHER = {Springer-Verlag, Berlin},
      YEAR = {2002},
     PAGES = {iv+242},
      ISBN = {3-540-43211-6},
   MRCLASS = {14-06},
  MRNUMBER = {1925828},
       DOI = {10.1007/978-3-662-05071-2},
       URL = {https://doi.org/10.1007/978-3-662-05071-2},
}
%
%
@article {BKL:76,
    AUTHOR = {Bloch, S. and Kas, A. and Lieberman, D.},
     TITLE = {Zero cycles on surfaces with {$p_{g}=0$}},
   JOURNAL = {Compositio Math.},
  FJOURNAL = {Compositio Mathematica},
    VOLUME = {33},
      YEAR = {1976},
    NUMBER = {2},
     PAGES = {135--145},
      ISSN = {0010-437X},
   MRCLASS = {14C25},
  MRNUMBER = {435073},
MRREVIEWER = {R. T. Hoobler},
       URL = {http://www.numdam.org/item?id=CM_1976__33_2_135_0},
}
%
%
@article{BG:81,
	author = {Bongartz, Klaus and Gabriel, Peter},
	title = {Covering spaces in representation theory},
	journal = {Invent. Math.},
	fjournal = {Inventiones Mathematicae},
	volume = {65},
	year = {1981/82},
	number = {3},
	pages = {331--378},
}
%
%
@article {Boos:14:Finite,
    AUTHOR = {Boos, Magdalena},
     TITLE = {Finite parabolic conjugation on varieties of nilpotent
              matrices},
   JOURNAL = {Algebr. Represent. Theory},
  FJOURNAL = {Algebras and Representation Theory},
    VOLUME = {17},
      YEAR = {2014},
    NUMBER = {6},
     PAGES = {1657--1682},
      ISSN = {1386-923X},
   MRCLASS = {14L30 (16G20)},
  MRNUMBER = {3284325},
MRREVIEWER = {Marcin Skrzy{\'n}ski},
       DOI = {10.1007/s10468-014-9464-0},
       URL = {http://dx.doi.org/10.1007/s10468-014-9464-0},
}
%
%
@article {Boos:14:Non_Red,
    AUTHOR = {Boos, Magdalena},
     TITLE = {Non-reductive conjugation on the nilpotent cone},
   JOURNAL = {Algebr. Represent. Theory},
  FJOURNAL = {Algebras and Representation Theory},
    VOLUME = {17},
      YEAR = {2014},
    NUMBER = {6},
     PAGES = {1683--1706},
      ISSN = {1386-923X},
   MRCLASS = {14R20 (13A50 17B08)},
  MRNUMBER = {3284326},
MRREVIEWER = {Sean Lawton},
       DOI = {10.1007/s10468-014-9465-z},
       URL = {http://dx.doi.org/10.1007/s10468-014-9465-z},
}
%
%
@unpublished{BF:19,
	author = {Boos, Magdalena and Franzen, Hans},
	title = {Weight Spaces and Attracting Sets for Torus Actions on Quiver Moduli},
	year = {2020},
	note = {To appear} 
}
%
%
@incollection {BR:12,
    AUTHOR = {Boos, Magdalena and Reineke, Markus},
     TITLE = {{$B$}-orbits of 2-nilpotent matrices and generalizations},
 BOOKTITLE = {Highlights in {L}ie algebraic methods},
    SERIES = {Progr. Math.},
    VOLUME = {295},
     PAGES = {147--166},
 PUBLISHER = {Birkh\"auser/Springer, New York},
      YEAR = {2012},
   MRCLASS = {14L30 (16G20)},
  MRNUMBER = {2866850 (2012k:14061)},
MRREVIEWER = {Marcin Skrzy{\'n}ski},
       DOI = {10.1007/978-0-8176-8274-3_6},
       URL = {http://dx.doi.org/10.1007/978-0-8176-8274-3_6},
}
%
%
@book {Borel:91,
	    AUTHOR = {Borel, Armand},
	     TITLE = {Linear algebraic groups},
	    SERIES = {Graduate Texts in Mathematics},
	    VOLUME = {126},
	   EDITION = {Second},
	 PUBLISHER = {Springer-Verlag},
	   ADDRESS = {New York},
	      YEAR = {1991},
	     PAGES = {xii+288},
	      ISBN = {0-387-97370-2},
	   MRCLASS = {20-01 (20Gxx)},
	  MRNUMBER = {1102012 (92d:20001)},
	MRREVIEWER = {F. D. Veldkamp},
	       DOI = {10.1007/978-1-4612-0941-6},
	       URL = {http://dx.doi.org/10.1007/978-1-4612-0941-6},
}
%
%
@book {Bourbaki:Lie_4-6,
    AUTHOR = {Bourbaki, Nicolas},
     TITLE = {Lie groups and {L}ie algebras. {C}hapters 4--6},
    SERIES = {Elements of Mathematics (Berlin)},
      NOTE = {Translated from the 1968 French original by Andrew Pressley},
 PUBLISHER = {Springer-Verlag, Berlin},
      YEAR = {2002},
     PAGES = {xii+300},
      ISBN = {3-540-42650-7},
   MRCLASS = {17-01 (00A05 20E42 20F55 22-01)},
  MRNUMBER = {1890629 (2003a:17001)},
       DOI = {10.1007/978-3-540-89394-3},
       URL = {http://dx.doi.org/10.1007/978-3-540-89394-3},
}
%
%
@article {Bridgeland:07,
    AUTHOR = {Bridgeland, Tom},
     TITLE = {Stability conditions on triangulated categories},
   JOURNAL = {Ann. of Math. (2)},
  FJOURNAL = {Annals of Mathematics. Second Series},
    VOLUME = {166},
      YEAR = {2007},
    NUMBER = {2},
     PAGES = {317--345},
      ISSN = {0003-486X},
   MRCLASS = {14F05 (18E30)},
  MRNUMBER = {2373143},
MRREVIEWER = {Leovigildo M. Alonso Tarrio},
       DOI = {10.4007/annals.2007.166.317},
       URL = {https://doi.org/10.4007/annals.2007.166.317},
}
%
%
@incollection {Bridgeland:18,
    AUTHOR = {Bridgeland, Tom},
     TITLE = {Hall algebras and {D}onaldson-{T}homas invariants},
 BOOKTITLE = {Algebraic geometry: {S}alt {L}ake {C}ity 2015},
    SERIES = {Proc. Sympos. Pure Math.},
    VOLUME = {97},
     PAGES = {75--100},
 PUBLISHER = {Amer. Math. Soc., Providence, RI},
      YEAR = {2018},
   MRCLASS = {14N35 (14J32)},
  MRNUMBER = {3821146},
MRREVIEWER = {Felix Janda},
}
%
%
@article {Brion:97,
    AUTHOR = {Brion, M.},
     TITLE = {Equivariant {C}how groups for torus actions},
   JOURNAL = {Transform. Groups},
  FJOURNAL = {Transformation Groups},
    VOLUME = {2},
      YEAR = {1997},
    NUMBER = {3},
     PAGES = {225--267},
      ISSN = {1083-4362},
   MRCLASS = {14C15 (14L30 14M15)},
  MRNUMBER = {1466694},
MRREVIEWER = {Dan Edidin},
       DOI = {10.1007/BF01234659},
       URL = {https://doi.org/10.1007/BF01234659},
}
%
%
@incollection {Brion:98,
	    AUTHOR = {Brion, Michel},
	     TITLE = {Equivariant cohomology and equivariant intersection theory},
	 BOOKTITLE = {Representation theories and algebraic geometry ({M}ontreal,
	              {PQ}, 1997)},
	    SERIES = {NATO Adv. Sci. Inst. Ser. C Math. Phys. Sci.},
	    VOLUME = {514},
	     PAGES = {1--37},
	      NOTE = {Notes by Alvaro Rittatore},
	 PUBLISHER = {Kluwer Acad. Publ.},
	   ADDRESS = {Dordrecht},
	      YEAR = {1998},
	   MRCLASS = {14C17 (14L30 14M15 55N91)},
	  MRNUMBER = {1649623 (99m:14005)},
	MRREVIEWER = {Dan Edidin},
}
%
@article {CC:06,
    AUTHOR = {Caldero, Philippe and Chapoton, Fr\'{e}d\'{e}ric},
     TITLE = {Cluster algebras as {H}all algebras of quiver representations},
   JOURNAL = {Comment. Math. Helv.},
  FJOURNAL = {Commentarii Mathematici Helvetici. A Journal of the Swiss
              Mathematical Society},
    VOLUME = {81},
      YEAR = {2006},
    NUMBER = {3},
     PAGES = {595--616},
      ISSN = {0010-2571},
   MRCLASS = {16G20 (18E30)},
  MRNUMBER = {2250855},
       DOI = {10.4171/CMH/65},
       URL = {https://doi.org/10.4171/CMH/65},
}
%
%
@article {CK:06,
    AUTHOR = {Caldero, Philippe and Keller, Bernhard},
     TITLE = {From triangulated categories to cluster algebras. {II}},
   JOURNAL = {Ann. Sci. \'{E}cole Norm. Sup. (4)},
  FJOURNAL = {Annales Scientifiques de l'\'{E}cole Normale Sup\'{e}rieure. Quatri\`eme
              S\'{e}rie},
    VOLUME = {39},
      YEAR = {2006},
    NUMBER = {6},
     PAGES = {983--1009},
      ISSN = {0012-9593},
   MRCLASS = {16G20 (18E30)},
  MRNUMBER = {2316979},
MRREVIEWER = {Apostolos D. Beligiannis},
       DOI = {10.1016/j.ansens.2006.09.003},
       URL = {https://doi.org/10.1016/j.ansens.2006.09.003},
}
%
%
@article {CR:08,
    AUTHOR = {Caldero, Philippe and Reineke, Markus},
     TITLE = {On the quiver {G}rassmannian in the acyclic case},
   JOURNAL = {J. Pure Appl. Algebra},
  FJOURNAL = {Journal of Pure and Applied Algebra},
    VOLUME = {212},
      YEAR = {2008},
    NUMBER = {11},
     PAGES = {2369--2380},
      ISSN = {0022-4049},
   MRCLASS = {14M15 (14L30 16G10 16G20)},
  MRNUMBER = {2440252},
MRREVIEWER = {Ivan Arzhantsev},
       DOI = {10.1016/j.jpaa.2008.03.025},
       URL = {https://doi.org/10.1016/j.jpaa.2008.03.025},
}
%
%
@book {CE:56,
	    AUTHOR = {Cartan, Henri and Eilenberg, Samuel},
	     TITLE = {Homological algebra},
	 PUBLISHER = {Princeton University Press},
	   ADDRESS = {Princeton, N. J.},
	      YEAR = {1956},
	     PAGES = {xv+390},
	   MRCLASS = {09.0X},
	  MRNUMBER = {0077480 (17,1040e)},
	MRREVIEWER = {G. Hochschild},
}
%
%
@article {Cerulli_Irelli:11,
    AUTHOR = {Cerulli Irelli, G.},
     TITLE = {Quiver {G}rassmannians associated with string modules},
   JOURNAL = {J. Algebraic Combin.},
  FJOURNAL = {Journal of Algebraic Combinatorics. An International Journal},
    VOLUME = {33},
      YEAR = {2011},
    NUMBER = {2},
     PAGES = {259--276},
      ISSN = {0925-9899},
   MRCLASS = {16G20 (13F60)},
  MRNUMBER = {2765325},
MRREVIEWER = {Kyungyong Lee},
       DOI = {10.1007/s10801-010-0244-6},
       URL = {https://doi.org/10.1007/s10801-010-0244-6},
}
%
%
@article {CE:11,
    AUTHOR = {Cerulli Irelli, Giovanni and Esposito, Francesco},
     TITLE = {Geometry of quiver {G}rassmannians of {K}ronecker type and
              applications to cluster algebras},
   JOURNAL = {Algebra Number Theory},
  FJOURNAL = {Algebra \& Number Theory},
    VOLUME = {5},
      YEAR = {2011},
    NUMBER = {6},
     PAGES = {777--801},
      ISSN = {1937-0652},
   MRCLASS = {16G20 (13F60)},
  MRNUMBER = {2923727},
       DOI = {10.2140/ant.2011.5.777},
       URL = {https://doi.org/10.2140/ant.2011.5.777},
}
%
%
@unpublished{CEFR:18,
	author = {Cerulli Irelli, Giovanni and Esposito, Francesco and Franzen, Hans and Reineke, Markus},
	title = {Cell decompositions and algebraicity of cohomology for quiver {G}rassmannians},
	year = {2018},
	note = {Preprint, submitted. arXiv:1804.07736}	
}
%
%
@article {CFFFR:17,
    AUTHOR = {Cerulli Irelli, G. and Fang, X. and Feigin, E. and Fourier, G.
              and Reineke, M.},
     TITLE = {Linear degenerations of flag varieties},
   JOURNAL = {Math. Z.},
  FJOURNAL = {Mathematische Zeitschrift},
    VOLUME = {287},
      YEAR = {2017},
    NUMBER = {1-2},
     PAGES = {615--654},
      ISSN = {0025-5874},
   MRCLASS = {14M15 (14D06)},
  MRNUMBER = {3694690},
MRREVIEWER = {Ryan David Kinser},
       DOI = {10.1007/s00209-016-1839-y},
       URL = {https://doi.org/10.1007/s00209-016-1839-y},
}
%
%
@article {CDMMS:14,
    AUTHOR = {Chuang, Wu-yen and Diaconescu, Duiliu-Emanuel and Manschot,
              Jan and Moore, Gregory W. and Soibelman, Yan},
     TITLE = {Geometric engineering of (framed) {BPS} states},
   JOURNAL = {Adv. Theor. Math. Phys.},
  FJOURNAL = {Advances in Theoretical and Mathematical Physics},
    VOLUME = {18},
      YEAR = {2014},
    NUMBER = {5},
     PAGES = {1063--1231},
      ISSN = {1095-0761},
   MRCLASS = {81T13 (81P16 81T30)},
  MRNUMBER = {3281276},
MRREVIEWER = {Matthew B. Young},
       URL = {http://projecteuclid.org/euclid.atmp/1416929531},
}
%
%
@article {Crawley-Boevey:96,
    AUTHOR = {Crawley-Boevey, William},
     TITLE = {Subrepresentations of general representations of quivers},
   JOURNAL = {Bull. London Math. Soc.},
  FJOURNAL = {The Bulletin of the London Mathematical Society},
    VOLUME = {28},
      YEAR = {1996},
    NUMBER = {4},
     PAGES = {363--366},
      ISSN = {0024-6093},
   MRCLASS = {16G20},
  MRNUMBER = {1384823},
MRREVIEWER = {Henning Krause},
       DOI = {10.1112/blms/28.4.363},
       URL = {https://doi.org/10.1112/blms/28.4.363},
}
%
%
@article {Crawley-Boevey:01,
    AUTHOR = {Crawley-Boevey, William},
     TITLE = {Geometry of the moment map for representations of quivers},
   JOURNAL = {Compositio Math.},
  FJOURNAL = {Compositio Mathematica},
    VOLUME = {126},
      YEAR = {2001},
    NUMBER = {3},
     PAGES = {257--293},
      ISSN = {0010-437X},
   MRCLASS = {16G20 (53D20)},
  MRNUMBER = {1834739},
MRREVIEWER = {Aidan Schofield},
       DOI = {10.1023/A:1017558904030},
       URL = {https://doi.org/10.1023/A:1017558904030},
}
%
%
@article {Crawley-Boevey:03,
	    AUTHOR = {Crawley-Boevey, William},
	     TITLE = {Normality of {M}arsden-{W}einstein reductions for
	              representations of quivers},
	   JOURNAL = {Math. Ann.},
	  FJOURNAL = {Mathematische Annalen},
	    VOLUME = {325},
	      YEAR = {2003},
	    NUMBER = {1},
	     PAGES = {55--79},
	      ISSN = {0025-5831},
	     CODEN = {MAANA},
	   MRCLASS = {16G20 (14L30 53D20)},
	  MRNUMBER = {1957264 (2004c:16017)},
	MRREVIEWER = {Raf Bocklandt},
	       DOI = {10.1007/s00208-002-0367-8},
	       URL = {http://dx.doi.org/10.1007/s00208-002-0367-8},
}
%
%
@unpublished{Crawley-Boevey:92,
	Author = {Crawley-Boevey, William},
	Title = {Lectures on representations of quivers},
	Year = {1992},
	Note = {Graduate course given at Oxford University},
}
%
%
@article {CBvdB:04,
    AUTHOR = {Crawley-Boevey, William and Van den Bergh, Michel},
     TITLE = {Absolutely indecomposable representations and {K}ac-{M}oody
              {L}ie algebras},
      NOTE = {With an appendix by Hiraku Nakajima},
   JOURNAL = {Invent. Math.},
  FJOURNAL = {Inventiones Mathematicae},
    VOLUME = {155},
      YEAR = {2004},
    NUMBER = {3},
     PAGES = {537--559},
      ISSN = {0020-9910},
     CODEN = {INVMBH},
   MRCLASS = {17B67 (17B10)},
  MRNUMBER = {2038196 (2004m:17032)},
MRREVIEWER = {Raf Bocklandt},
       DOI = {10.1007/s00222-003-0329-0},
       URL = {http://dx.doi.org/10.1007/s00222-003-0329-0},
}
%
%
@book {CG:97,
	    AUTHOR = {Chriss, Neil and Ginzburg, Victor},
	     TITLE = {Representation theory and complex geometry},
	 PUBLISHER = {Birkh\"auser Boston Inc.},
	   ADDRESS = {Boston, MA},
	      YEAR = {1997},
	     PAGES = {x+495},
	      ISBN = {0-8176-3792-3},
	   MRCLASS = {22E47 (14F99 19L47 20G05 22-02 58F05)},
	  MRNUMBER = {1433132 (98i:22021)},
	MRREVIEWER = {William M. McGovern},
}
%
%
@article {Danilov,
	    AUTHOR = {Danilov, V. I.},
	     TITLE = {The geometry of toric varieties},
	   JOURNAL = {Uspekhi Mat. Nauk},
	  FJOURNAL = {Akademiya Nauk SSSR i Moskovskoe Matematicheskoe Obshchestvo.
	              Uspekhi Matematicheskikh Nauk},
	    VOLUME = {33},
	      YEAR = {1978},
	    NUMBER = {2(200)},
	     PAGES = {85--134, 247},
	      ISSN = {0042-1316},
	   MRCLASS = {14A20 (14L30)},
	  MRNUMBER = {495499 (80g:14001)},
	MRREVIEWER = {I. Dolgachev},
}
%
%
@unpublished{Davison:13,
	author = {Davison, Ben},
	title = {The critical {C}o{HA} of a self dual quiver with potential},
	year = {2013},
	note = {Preprint. arXiv:1311.7172}	
}
%
%
@unpublished{DM:15,
	author = {Davison, Ben and Meinhardt, Sven},
	title = {Donaldson-{T}homas theory for categories of homological dimension one with potential},
	year = {2015},
	note = {Preprint. arXiv:1512.08898}
}
%
%
@unpublished{DM:16,
	author = {Davison, Ben and Meinhardt, Sven},
	title = {Cohomological {D}onaldson-{T}homas theory of a quiver with potential and quantum enveloping algebras},
	year = {2016},
	note = {Preprint. arXiv:1601.02479}	
}
%
%
@article {DMSS:15,
    AUTHOR = {Davison, Ben and Maulik, Davesh and Sch\"{u}rmann, J\"{o}rg and
              Szendr\H{o}i, Bal\'{a}zs},
     TITLE = {Purity for graded potentials and quantum cluster positivity},
   JOURNAL = {Compos. Math.},
  FJOURNAL = {Compositio Mathematica},
    VOLUME = {151},
      YEAR = {2015},
    NUMBER = {10},
     PAGES = {1913--1944},
      ISSN = {0010-437X},
   MRCLASS = {14C30 (13F60 14N35 32S35)},
  MRNUMBER = {3414389},
MRREVIEWER = {Ruifang Song},
       DOI = {10.1112/S0010437X15007332},
       URL = {https://doi.org/10.1112/S0010437X15007332},
}
%
%
@incollection {DT:98,
    AUTHOR = {Donaldson, S. K. and Thomas, R. P.},
     TITLE = {Gauge theory in higher dimensions},
 BOOKTITLE = {The geometric universe ({O}xford, 1996)},
     PAGES = {31--47},
 PUBLISHER = {Oxford Univ. Press, Oxford},
      YEAR = {1998},
   MRCLASS = {57R57 (14J32 32J18 53C07 57R58 58D27)},
  MRNUMBER = {1634503},
MRREVIEWER = {Krzysztof Galicki},
}
%
%
@book {DF:73,
    AUTHOR = {Donovan, Peter and Freislich, Mary Ruth},
     TITLE = {The representation theory of finite graphs and associated
              algebras},
      NOTE = {Carleton Mathematical Lecture Notes, No. 5},
 PUBLISHER = {Carleton University},
   ADDRESS = {Ottawa, Ont.},
      YEAR = {1973},
     PAGES = {iii+83},
   MRCLASS = {05C99 (15A63)},
  MRNUMBER = {0357233 (50 \#9701)},
MRREVIEWER = {C. M. Ringel},
}
%
%
@book {DG:70,
    AUTHOR = {Demazure, Michel and Gabriel, Pierre},
     TITLE = {Groupes alg\'ebriques. {T}ome {I}: {G}\'eom\'etrie
              alg\'ebrique, g\'en\'eralit\'es, groupes commutatifs},
      NOTE = {Avec un appendice {{\i}t Corps de classes local} par Michiel
              Hazewinkel},
 PUBLISHER = {Masson \& Cie, \'Editeur, Paris},
      YEAR = {1970},
     PAGES = {xxvi+700},
   MRCLASS = {14L15 (20G35)},
  MRNUMBER = {0302656 (46 \#1800)},
MRREVIEWER = {J.-E. Bertin},
}
%
%
@article {DW:00,
    AUTHOR = {Derksen, Harm and Weyman, Jerzy},
     TITLE = {Semi-invariants of quivers and saturation for
              {L}ittlewood-{R}ichardson coefficients},
   JOURNAL = {J. Amer. Math. Soc.},
  FJOURNAL = {Journal of the American Mathematical Society},
    VOLUME = {13},
      YEAR = {2000},
    NUMBER = {3},
     PAGES = {467--479},
      ISSN = {0894-0347},
   MRCLASS = {16G20 (13A50 20G05)},
  MRNUMBER = {1758750},
MRREVIEWER = {C. M. Ringel},
       DOI = {10.1090/S0894-0347-00-00331-3},
       URL = {https://doi.org/10.1090/S0894-0347-00-00331-3},
}
%
%
@article {DW:02,
    AUTHOR = {Derksen, Harm and Weyman, Jerzy},
     TITLE = {Generalized quivers associated to reductive groups},
   JOURNAL = {Colloq. Math.},
  FJOURNAL = {Colloquium Mathematicum},
    VOLUME = {94},
      YEAR = {2002},
    NUMBER = {2},
     PAGES = {151--173},
      ISSN = {0010-1354},
     CODEN = {CQMAAQ},
   MRCLASS = {16G20 (14L35)},
  MRNUMBER = {1967372},
MRREVIEWER = {Iain G. Gordon},
       DOI = {10.4064/cm94-2-1},
       URL = {http://dx.doi.org/10.4064/cm94-2-1},
}
%
%
@article {DWZ:10,
    AUTHOR = {Derksen, Harm and Weyman, Jerzy and Zelevinsky, Andrei},
     TITLE = {Quivers with potentials and their representations {II}:
              applications to cluster algebras},
   JOURNAL = {J. Amer. Math. Soc.},
  FJOURNAL = {Journal of the American Mathematical Society},
    VOLUME = {23},
      YEAR = {2010},
    NUMBER = {3},
     PAGES = {749--790},
      ISSN = {0894-0347},
   MRCLASS = {16G20 (13F60)},
  MRNUMBER = {2629987},
MRREVIEWER = {M\'{a}ty\'{a}s Domokos},
       DOI = {10.1090/S0894-0347-10-00662-4},
       URL = {https://doi.org/10.1090/S0894-0347-10-00662-4},
}
%
%
@article {DN:89,
    AUTHOR = {Drezet, J.-M. and Narasimhan, M. S.},
     TITLE = {Groupe de {P}icard des vari\'et\'es de modules de fibr\'es
              semi-stables sur les courbes alg\'ebriques},
   JOURNAL = {Invent. Math.},
  FJOURNAL = {Inventiones Mathematicae},
    VOLUME = {97},
      YEAR = {1989},
    NUMBER = {1},
     PAGES = {53--94},
      ISSN = {0020-9910},
     CODEN = {INVMBH},
   MRCLASS = {14C22 (14D22 14F05)},
  MRNUMBER = {999313 (90d:14008)},
MRREVIEWER = {P. E. Newstead},
       DOI = {10.1007/BF01850655},
       URL = {http://dx.doi.org/10.1007/BF01850655},
}
%
%
@article {Drezet:88,
	    AUTHOR = {Drezet, J.-M.},
	     TITLE = {Cohomologie des vari\'et\'es de modules de hauteur nulle},
	   JOURNAL = {Math. Ann.},
	  FJOURNAL = {Mathematische Annalen},
	    VOLUME = {281},
	      YEAR = {1988},
	    NUMBER = {1},
	     PAGES = {43--85},
	      ISSN = {0025-5831},
	     CODEN = {MAANA},
	   MRCLASS = {14F05 (14D22)},
	  MRNUMBER = {944602 (89j:14009)},
	MRREVIEWER = {P. E. Newstead},
	       DOI = {10.1007/BF01449215},
	       URL = {http://dx.doi.org/10.1007/BF01449215},
}
%
%
@incollection {Drozd:77,
    AUTHOR = {Drozd, Ju. A.},
     TITLE = {Tame and wild matrix problems},
 BOOKTITLE = {Matrix problems ({R}ussian)},
     PAGES = {104--114},
 PUBLISHER = {Akad. Nauk Ukrain. SSR Inst. Mat., Kiev},
      YEAR = {1977},
   MRCLASS = {16A64},
  MRNUMBER = {0498704 (58 \#16778)},
MRREVIEWER = {L. A. Skornjakov},
}
%
%
@article {Efimov:12,
    AUTHOR = {Efimov, Alexander I.},
     TITLE = {Cohomological {H}all algebra of a symmetric quiver},
   JOURNAL = {Compos. Math.},
  FJOURNAL = {Compositio Mathematica},
    VOLUME = {148},
      YEAR = {2012},
    NUMBER = {4},
     PAGES = {1133--1146},
      ISSN = {0010-437X},
   MRCLASS = {14N35 (14F25 16G20)},
  MRNUMBER = {2956038},
       DOI = {10.1112/S0010437X12000152},
       URL = {http://dx.doi.org/10.1112/S0010437X12000152},
}
%
%
@article {EGA_I,
    AUTHOR = {Grothendieck, A.},
     TITLE = {\'{E}l\'ements de g\'eom\'etrie alg\'ebrique. {I}. {L}e
              langage des sch\'emas},
   JOURNAL = {Inst. Hautes \'Etudes Sci. Publ. Math.},
  FJOURNAL = {Institut des Hautes \'Etudes Scientifiques. Publications
              Math\'ematiques},
    NUMBER = {4},
      YEAR = {1960},
     PAGES = {228},
      ISSN = {0073-8301},
   MRCLASS = {14.55},
  MRNUMBER = {0217083 (36 \#177a)},
}
%
%
@article {EGA_II,
    AUTHOR = {Grothendieck, A.},
     TITLE = {\'{E}l\'ements de g\'eom\'etrie alg\'ebrique. {II}. \'{E}tude
              globale \'el\'ementaire de quelques classes de morphismes},
   JOURNAL = {Inst. Hautes \'Etudes Sci. Publ. Math.},
  FJOURNAL = {Institut des Hautes \'Etudes Scientifiques. Publications
              Math\'ematiques},
    NUMBER = {8},
      YEAR = {1961},
     PAGES = {222},
      ISSN = {0073-8301},
   MRCLASS = {14.55},
  MRNUMBER = {0217084 (36 \#177b)},
}
%
%
@article {EGA_III_1,
    AUTHOR = {Grothendieck, A.},
     TITLE = {\'{E}l\'ements de g\'eom\'etrie alg\'ebrique. {III}. \'{E}tude
              cohomologique des faisceaux coh\'erents. {I}},
   JOURNAL = {Inst. Hautes \'Etudes Sci. Publ. Math.},
  FJOURNAL = {Institut des Hautes \'Etudes Scientifiques. Publications
              Math\'ematiques},
    NUMBER = {11},
      YEAR = {1961},
     PAGES = {167},
      ISSN = {0073-8301},
   MRCLASS = {14.55},
  MRNUMBER = {0217085 (36 \#177c)},
}
%
%
@article {EGA_III_2,
    AUTHOR = {Grothendieck, A.},
     TITLE = {\'{E}l\'ements de g\'eom\'etrie alg\'ebrique. {III}. \'{E}tude
              cohomologique des faisceaux coh\'erents. {II}},
   JOURNAL = {Inst. Hautes \'Etudes Sci. Publ. Math.},
  FJOURNAL = {Institut des Hautes \'Etudes Scientifiques. Publications
              Math\'ematiques},
    NUMBER = {17},
      YEAR = {1963},
     PAGES = {91},
      ISSN = {0073-8301},
   MRCLASS = {14.05},
  MRNUMBER = {0163911 (29 \#1210)},
MRREVIEWER = {H. Hironaka},
}
%
%
@article {EGA_IV_1,
    AUTHOR = {Grothendieck, A.},
     TITLE = {\'{E}l\'ements de g\'eom\'etrie alg\'ebrique. {IV}. \'{E}tude
              locale des sch\'emas et des morphismes de sch\'emas. {I}},
   JOURNAL = {Inst. Hautes \'Etudes Sci. Publ. Math.},
  FJOURNAL = {Institut des Hautes \'Etudes Scientifiques. Publications
              Math\'ematiques},
    NUMBER = {20},
      YEAR = {1964},
     PAGES = {259},
      ISSN = {0073-8301},
   MRCLASS = {14.05 (13.10)},
  MRNUMBER = {0173675 (30 \#3885)},
MRREVIEWER = {H. Hironaka},
}
%
%
@article {EGA_IV_2,
    AUTHOR = {Grothendieck, A.},
     TITLE = {\'{E}l\'ements de g\'eom\'etrie alg\'ebrique. {IV}. \'{E}tude
              locale des sch\'emas et des morphismes de sch\'emas. {II}},
   JOURNAL = {Inst. Hautes \'Etudes Sci. Publ. Math.},
  FJOURNAL = {Institut des Hautes \'Etudes Scientifiques. Publications
              Math\'ematiques},
    NUMBER = {24},
      YEAR = {1965},
     PAGES = {231},
      ISSN = {0073-8301},
   MRCLASS = {14.00},
  MRNUMBER = {0199181 (33 \#7330)},
MRREVIEWER = {H. Hironaka},
}
%
%
@article {EGA_IV_3,
    AUTHOR = {Grothendieck, A.},
     TITLE = {\'{E}l\'ements de g\'eom\'etrie alg\'ebrique. {IV}. \'{E}tude
              locale des sch\'emas et des morphismes de sch\'emas. {III}},
   JOURNAL = {Inst. Hautes \'Etudes Sci. Publ. Math.},
  FJOURNAL = {Institut des Hautes \'Etudes Scientifiques. Publications
              Math\'ematiques},
    NUMBER = {28},
      YEAR = {1966},
     PAGES = {255},
      ISSN = {0073-8301},
   MRCLASS = {14.55},
  MRNUMBER = {0217086 (36 \#178)},
MRREVIEWER = {J. P. Murre},
}
%
%
@article {EGA_IV_4,
    AUTHOR = {Grothendieck, A.},
     TITLE = {\'{E}l\'ements de g\'eom\'etrie alg\'ebrique. {IV}. \'{E}tude
              locale des sch\'emas et des morphismes de sch\'emas {IV}},
   JOURNAL = {Inst. Hautes \'Etudes Sci. Publ. Math.},
  FJOURNAL = {Institut des Hautes \'Etudes Scientifiques. Publications
              Math\'ematiques},
    NUMBER = {32},
      YEAR = {1967},
     PAGES = {361},
      ISSN = {0073-8301},
   MRCLASS = {14.55},
  MRNUMBER = {0238860 (39 \#220)},
MRREVIEWER = {J. P. Murre},
}
%
%
@article {EG:98,
	    AUTHOR = {Edidin, Dan and Graham, William},
	     TITLE = {Equivariant intersection theory},
	   JOURNAL = {Invent. Math.},
	  FJOURNAL = {Inventiones Mathematicae},
	    VOLUME = {131},
	      YEAR = {1998},
	    NUMBER = {3},
	     PAGES = {595--634},
	      ISSN = {0020-9910},
	     CODEN = {INVMBH},
	   MRCLASS = {14C17 (14F99)},
	  MRNUMBER = {1614555 (99j:14003a)},
	MRREVIEWER = {Burt Totaro},
	       DOI = {10.1007/s002220050214},
	       URL = {http://dx.doi.org/10.1007/s002220050214},
}
%
%
@article {EG:98:2,
    AUTHOR = {Edidin, Dan and Graham, William},
     TITLE = {Localization in equivariant intersection theory and the {B}ott
              residue formula},
   JOURNAL = {Amer. J. Math.},
  FJOURNAL = {American Journal of Mathematics},
    VOLUME = {120},
      YEAR = {1998},
    NUMBER = {3},
     PAGES = {619--636},
      ISSN = {0002-9327},
     CODEN = {AJMAAN},
   MRCLASS = {14C17 (14L30 55N91 57R20)},
  MRNUMBER = {1623412 (99g:14005)},
MRREVIEWER = {Michel Brion},
       URL =
              {http://muse.jhu.edu/journals/american_journal_of_mathematics/v120/120.3edidin.pdf},
}
%
%
@book {Eisenbud:95,
	    AUTHOR = {Eisenbud, David},
	     TITLE = {Commutative algebra},
	    SERIES = {Graduate Texts in Mathematics},
	    VOLUME = {150},
	      NOTE = {With a view toward algebraic geometry},
	 PUBLISHER = {Springer-Verlag},
	   ADDRESS = {New York},
	      YEAR = {1995},
	     PAGES = {xvi+785},
	      ISBN = {0-387-94268-8; 0-387-94269-6},
	   MRCLASS = {13-01 (14A05)},
	  MRNUMBER = {1322960 (97a:13001)},
	MRREVIEWER = {Matthew Miller},
	       DOI = {10.1007/978-1-4612-5350-1},
	       URL = {http://dx.doi.org/10.1007/978-1-4612-5350-1},
}
%
%
@book {EH:16,
    AUTHOR = {Eisenbud, David and Harris, Joe},
     TITLE = {3264 and all that---a second course in algebraic geometry},
 PUBLISHER = {Cambridge University Press, Cambridge},
      YEAR = {2016},
     PAGES = {xiv+616},
      ISBN = {978-1-107-60272-4; 978-1-107-01708-5},
   MRCLASS = {14-01 (14C15 14M15 14N10)},
  MRNUMBER = {3617981},
MRREVIEWER = {Arnaud Beauville},
       DOI = {10.1017/CBO9781139062046},
       URL = {https://doi.org/10.1017/CBO9781139062046},
}
%
%
@article {ES:89,
	    AUTHOR = {Ellingsrud, Geir and Str{\o}mme, Stein A.},
	     TITLE = {On the {C}how ring of a geometric quotient},
	   JOURNAL = {Ann. of Math. (2)},
	  FJOURNAL = {Annals of Mathematics. Second Series},
	    VOLUME = {130},
	      YEAR = {1989},
	    NUMBER = {1},
	     PAGES = {159--187},
	      ISSN = {0003-486X},
	     CODEN = {ANMAAH},
	   MRCLASS = {14D25 (14C15)},
	  MRNUMBER = {1005610 (90h:14019)},
	MRREVIEWER = {Jean-Marc Drezet},
	       DOI = {10.2307/1971479},
	       URL = {http://dx.doi.org/10.2307/1971479},
}
%
%
@article {ES:93,
    AUTHOR = {Ellingsrud, Geir and Str{\o}mme, Stein Arild},
     TITLE = {Towards the {C}how ring of the {H}ilbert scheme of {${\mathbf
              P}^2$}},
   JOURNAL = {J. Reine Angew. Math.},
  FJOURNAL = {Journal f\"{u}r die Reine und Angewandte Mathematik. [Crelle's
              Journal]},
    VOLUME = {441},
      YEAR = {1993},
     PAGES = {33--44},
      ISSN = {0075-4102},
   MRCLASS = {14C05 (14D20)},
  MRNUMBER = {1228610},
MRREVIEWER = {Vasile Br\^{\i}nz\u{a}nescu},
}
%
%
@article {ER:09,
    AUTHOR = {Engel, Johannes and Reineke, Markus},
     TITLE = {Smooth models of quiver moduli},
   JOURNAL = {Math. Z.},
  FJOURNAL = {Mathematische Zeitschrift},
    VOLUME = {262},
      YEAR = {2009},
    NUMBER = {4},
     PAGES = {817--848},
      ISSN = {0025-5874},
     CODEN = {MAZEAX},
   MRCLASS = {16G20 (14D20)},
  MRNUMBER = {2511752 (2010h:16033)},
MRREVIEWER = {Ada Boralevi},
       DOI = {10.1007/s00209-008-0401-y},
       URL = {http://dx.doi.org/10.1007/s00209-008-0401-y},
}
%
%
@article {EM:97,
    AUTHOR = {Evens, Sam and Mirkovi{\'c}, Ivan},
     TITLE = {Fourier transform and the {I}wahori-{M}atsumoto involution},
   JOURNAL = {Duke Math. J.},
  FJOURNAL = {Duke Mathematical Journal},
    VOLUME = {86},
      YEAR = {1997},
    NUMBER = {3},
     PAGES = {435--464},
      ISSN = {0012-7094},
     CODEN = {DUMJAO},
   MRCLASS = {22E50},
  MRNUMBER = {1432304},
       DOI = {10.1215/S0012-7094-97-08613-0},
       URL = {http://dx.doi.org/10.1215/S0012-7094-97-08613-0},
}
%
%
@article {Fogarty:73,
    AUTHOR = {Fogarty, John},
     TITLE = {Fixed point schemes},
   JOURNAL = {Amer. J. Math.},
  FJOURNAL = {American Journal of Mathematics},
    VOLUME = {95},
      YEAR = {1973},
     PAGES = {35--51},
      ISSN = {0002-9327},
   MRCLASS = {14L99},
  MRNUMBER = {332805},
MRREVIEWER = {G. Horrocks},
       DOI = {10.2307/2373642},
       URL = {https://doi.org/10.2307/2373642},
}
%
%
@article {FZ:02,
    AUTHOR = {Fomin, Sergey and Zelevinsky, Andrei},
     TITLE = {Cluster algebras. {I}. {F}oundations},
   JOURNAL = {J. Amer. Math. Soc.},
  FJOURNAL = {Journal of the American Mathematical Society},
    VOLUME = {15},
      YEAR = {2002},
    NUMBER = {2},
     PAGES = {497--529},
      ISSN = {0894-0347},
   MRCLASS = {16S99 (14M99 17B99)},
  MRNUMBER = {1887642},
MRREVIEWER = {Eric N. Sommers},
       DOI = {10.1090/S0894-0347-01-00385-X},
       URL = {https://doi.org/10.1090/S0894-0347-01-00385-X},
}
%
%
@article {FZ:07,
    AUTHOR = {Fomin, Sergey and Zelevinsky, Andrei},
     TITLE = {Cluster algebras. {IV}. {C}oefficients},
   JOURNAL = {Compos. Math.},
  FJOURNAL = {Compositio Mathematica},
    VOLUME = {143},
      YEAR = {2007},
    NUMBER = {1},
     PAGES = {112--164},
      ISSN = {0010-437X},
   MRCLASS = {16S99 (05E15 14M17 22E46)},
  MRNUMBER = {2295199},
MRREVIEWER = {Christof Gei\ss },
       DOI = {10.1112/S0010437X06002521},
       URL = {https://doi.org/10.1112/S0010437X06002521},
}
%
%
@unpublished{Franzen:14:Diss,
	author = {Franzen, Hans},
	title = {On {C}how Rings of Fine Quiver Moduli and Modules over the {C}ohomological {H}all Algebra},
	year = {2014},
	note = {Dissertation.}
}
%
%
@unpublished{Franzen:18:QGr_Rational,
	author = {Franzen, Hans},
	title = {Rigid Quiver {G}rassmannians are Rational},
	year = {2019},
	note = {Preprint. arXiv:1903.04327}	
}
%
%
@article{Franzen:20:GKM,
	author = {Franzen, Hans},
	title = {Torus-Equivariant {C}how Rings of Quiver Moduli.},
	journal = {SIGMA},
	volume = {16},
	year = {2020},
	number = {096},
	pages = {22 pages}
}
%
%
@unpublished{FW:15,
	author = {Franzen, Hans and Weist, Thorsten},
	title = {Non-Schurian indecomposables via intersection theory},
	year = {2015},
	note = {Preprint, to appear in J.\ Pure Appl. Algebra. arXiv:1508.04643}
}
%
%
@article {Franzen:15:Chow_Ring_Quiv,
    AUTHOR = {Franzen, H.},
     TITLE = {Chow rings of fine quiver moduli are tautologically presented},
   JOURNAL = {Math. Z.},
  FJOURNAL = {Mathematische Zeitschrift},
    VOLUME = {279},
      YEAR = {2015},
    NUMBER = {3-4},
     PAGES = {1197--1223},
      ISSN = {0025-5874},
   MRCLASS = {14C15 (14C17 16G20)},
  MRNUMBER = {3318266},
MRREVIEWER = {Hsueh-Yung Lin},
       DOI = {10.1007/s00209-015-1409-8},
       URL = {http://dx.doi.org/10.1007/s00209-015-1409-8},
}
%
%
@article {Franzen:16:NCHilb_Loop,
    AUTHOR = {Franzen, H.},
     TITLE = {On cohomology rings of non-commutative {H}ilbert schemes and
              {C}o{H}a-modules},
   JOURNAL = {Math. Res. Lett.},
  FJOURNAL = {Mathematical Research Letters},
    VOLUME = {23},
      YEAR = {2016},
    NUMBER = {3},
     PAGES = {805--840},
      ISSN = {1073-2780},
   MRCLASS = {14A22 (14D20 16G20)},
  MRNUMBER = {3533197},
MRREVIEWER = {Jon Eivind Vatne},
       DOI = {10.4310/MRL.2016.v23.n3.a12},
       URL = {https://doi.org/10.4310/MRL.2016.v23.n3.a12},
}
%
%
@article {FW:18,
    AUTHOR = {Franzen, Hans and Weist, Thorsten},
     TITLE = {The value of the {K}ac polynomial at one},
   JOURNAL = {Q. J. Math.},
  FJOURNAL = {The Quarterly Journal of Mathematics},
    VOLUME = {69},
      YEAR = {2018},
    NUMBER = {1},
     PAGES = {13--32},
      ISSN = {0033-5606},
   MRCLASS = {16G20 (14D20)},
  MRNUMBER = {3771384},
MRREVIEWER = {Ada Boralevi},
       DOI = {10.1093/qmath/hax030},
       URL = {https://doi.org/10.1093/qmath/hax030},
}
%
%
@article {FR:18:Pts_P1,
    AUTHOR = {Franzen, Hans and Reineke, Markus},
     TITLE = {Cohomology rings of moduli of point configurations on the
              projective line},
   JOURNAL = {Proc. Amer. Math. Soc.},
  FJOURNAL = {Proceedings of the American Mathematical Society},
    VOLUME = {146},
      YEAR = {2018},
    NUMBER = {6},
     PAGES = {2327--2341},
      ISSN = {0002-9939},
   MRCLASS = {14D22 (14C15 16G20)},
  MRNUMBER = {3778138},
MRREVIEWER = {Jean-Marc Drezet},
       DOI = {10.1090/proc/14024},
       URL = {https://doi.org/10.1090/proc/14024},
}
%
%
@article {Franzen:18:CoHa_Modules,
    AUTHOR = {Franzen, Hans},
     TITLE = {On the semi-stable {C}o{H}a and its modules arising from
              smooth models},
   JOURNAL = {J. Algebra},
  FJOURNAL = {Journal of Algebra},
    VOLUME = {503},
      YEAR = {2018},
     PAGES = {121--145},
      ISSN = {0021-8693},
   MRCLASS = {14N35 (14C15 16G20)},
  MRNUMBER = {3779991},
       DOI = {10.1016/j.jalgebra.2018.02.004},
       URL = {https://doi.org/10.1016/j.jalgebra.2018.02.004},
}
%
%
@article {FY:18,
    AUTHOR = {Franzen, Hans and Young, Matthew B.},
     TITLE = {Cohomological orientifold {D}onaldson-{T}homas invariants as
              {C}how groups},
   JOURNAL = {Selecta Math. (N.S.)},
  FJOURNAL = {Selecta Mathematica. New Series},
    VOLUME = {24},
      YEAR = {2018},
    NUMBER = {3},
     PAGES = {2035--2061},
      ISSN = {1022-1824},
   MRCLASS = {14N35 (16G20)},
  MRNUMBER = {3816498},
       DOI = {10.1007/s00029-018-0415-1},
       URL = {https://doi.org/10.1007/s00029-018-0415-1},
}
%
%
@article {FR:18:Sst_ChowHa,
    AUTHOR = {Franzen, Hans and Reineke, Markus},
     TITLE = {Semistable {C}how-{H}all algebras of quivers and quantized
              {D}onaldson-{T}homas invariants},
   JOURNAL = {Algebra Number Theory},
  FJOURNAL = {Algebra \& Number Theory},
    VOLUME = {12},
      YEAR = {2018},
    NUMBER = {5},
     PAGES = {1001--1025},
      ISSN = {1937-0652},
   MRCLASS = {14N35 (14C15 16G20)},
  MRNUMBER = {3840869},
       DOI = {10.2140/ant.2018.12.1001},
       URL = {https://doi.org/10.2140/ant.2018.12.1001},
}
%
%
@unpublished {FR:19:CoHA_K2,
	author = {Franzen, Hans and Reineke, Markus},
	title = {On the {C}ohomological {H}all Algebra of the {K}ronecker Quiver},
	year = {2019},
	note = {Preprint. arxiv:1904.09224. To appear in Conf.\ Proc.\ ICRA 2018, Prague},
}
%
%
@book {Fulton:93,
	    AUTHOR = {Fulton, William},
	     TITLE = {Introduction to toric varieties},
	    SERIES = {Annals of Mathematics Studies},
	    VOLUME = {131},
	      NOTE = {The William H. Roever Lectures in Geometry},
	 PUBLISHER = {Princeton University Press},
	   ADDRESS = {Princeton, NJ},
	      YEAR = {1993},
	     PAGES = {xii+157},
	      ISBN = {0-691-00049-2},
	   MRCLASS = {14M25 (14-02 14J30)},
	  MRNUMBER = {1234037 (94g:14028)},
	MRREVIEWER = {T. Oda},
}
%
%
@book {Fulton:98,
	    AUTHOR = {Fulton, William},
	     TITLE = {Intersection theory},
	    SERIES = {Ergebnisse der Mathematik und ihrer Grenzgebiete. 3. Folge. A
	              Series of Modern Surveys in Mathematics},
	    VOLUME = {2},
	   EDITION = {Second},
	 PUBLISHER = {Springer-Verlag},
	   ADDRESS = {Berlin},
	      YEAR = {1998},
	     PAGES = {xiv+470},
	      ISBN = {3-540-62046-X; 0-387-98549-2},
	   MRCLASS = {14C17 (14-02)},
	  MRNUMBER = {1644323 (99d:14003)},
	       DOI = {10.1007/978-1-4612-1700-8},
	       URL = {http://dx.doi.org/10.1007/978-1-4612-1700-8},
}
%
%
@book {FH:91,
    AUTHOR = {Fulton, William and Harris, Joe},
     TITLE = {Representation theory},
    SERIES = {Graduate Texts in Mathematics},
    VOLUME = {129},
      NOTE = {A first course,
              Readings in Mathematics},
 PUBLISHER = {Springer-Verlag, New York},
      YEAR = {1991},
     PAGES = {xvi+551},
      ISBN = {0-387-97527-6; 0-387-97495-4},
   MRCLASS = {20G05 (17B10 20G20 22E46)},
  MRNUMBER = {1153249 (93a:20069)},
MRREVIEWER = {James E. Humphreys},
       DOI = {10.1007/978-1-4612-0979-9},
       URL = {http://dx.doi.org/10.1007/978-1-4612-0979-9},
}
%
%
@article {Gabriel:72,
    AUTHOR = {Gabriel, Peter},
     TITLE = {Unzerlegbare {D}arstellungen. {I}},
   JOURNAL = {Manuscripta Math.},
  FJOURNAL = {Manuscripta Mathematica},
    VOLUME = {6},
      YEAR = {1972},
     PAGES = {71--103; correction, ibid. 6 (1972), 309},
      ISSN = {0025-2611},
   MRCLASS = {16A64},
  MRNUMBER = {0332887 (48 \#11212)},
MRREVIEWER = {K. W. Roggenkamp},
}
%
%
@book{GIT:94,
	    AUTHOR = {Mumford, D. and Fogarty, J. and Kirwan, F.},
	     TITLE = {Geometric invariant theory},
	    SERIES = {Ergebnisse der Mathematik und ihrer Grenzgebiete (2)},
	    VOLUME = {34},
	   EDITION = {Third},
	 PUBLISHER = {Springer-Verlag},
	   ADDRESS = {Berlin},
	      YEAR = {1994},
	     PAGES = {xiv+292},
	      ISBN = {3-540-56963-4},
	   MRCLASS = {14D25 (58E05 58F05)},
	  MRNUMBER = {1304906 (95m:14012)},
	MRREVIEWER = {Yi Hu},
	       DOI = {10.1007/978-3-642-57916-5},
	       URL = {http://dx.doi.org/10.1007/978-3-642-57916-5},
}
%
%
@unpublished{Getzler:95,
	Author = {Getzler, Ezra},
	Title = {Mixed {H}odge structures of configuration spaces},
	Year = {1995},
	Note = {Preprint. arXiv:9510018},
}
%
%
@article {GKM:98,
    AUTHOR = {Goresky, Mark and Kottwitz, Robert and MacPherson, Robert},
     TITLE = {Equivariant cohomology, {K}oszul duality, and the localization
              theorem},
   JOURNAL = {Invent. Math.},
  FJOURNAL = {Inventiones Mathematicae},
    VOLUME = {131},
      YEAR = {1998},
    NUMBER = {1},
     PAGES = {25--83},
      ISSN = {0020-9910},
   MRCLASS = {55N91 (14F25 14F32 16E99 18G10 55N33)},
  MRNUMBER = {1489894},
MRREVIEWER = {Roy Joshua},
       DOI = {10.1007/s002220050197},
       URL = {https://doi.org/10.1007/s002220050197},
}
%
%
@incollection {GM:83,
    AUTHOR = {Goresky, M. and MacPherson, R.},
     TITLE = {Problems and bibliography on intersection homology},
 BOOKTITLE = {Intersection cohomology ({B}ern, 1983)},
    SERIES = {Progr. Math.},
    VOLUME = {50},
     PAGES = {221--233},
 PUBLISHER = {Birkh\"auser Boston, Boston, MA},
      YEAR = {1984},
   MRCLASS = {14-02 (32-02 55-02 57-02)},
  MRNUMBER = {788180},
       DOI = {10.1007/978-0-8176-4765-0_9},
       URL = {http://dx.doi.org/10.1007/978-0-8176-4765-0_9},
}
%
%
@article {GK:05,
	    AUTHOR = {Gothen, Peter B. and King, Alastair D.},
	     TITLE = {Homological algebra of twisted quiver bundles},
	   JOURNAL = {J. London Math. Soc. (2)},
	  FJOURNAL = {Journal of the London Mathematical Society. Second Series},
	    VOLUME = {71},
	      YEAR = {2005},
	    NUMBER = {1},
	     PAGES = {85--99},
	      ISSN = {0024-6107},
	     CODEN = {JLMSAK},
	   MRCLASS = {16G20 (16S60 18G15)},
	  MRNUMBER = {2108248 (2006b:16021)},
	MRREVIEWER = {Adrian Langer},
	       DOI = {10.1112/S0024610704005952},
	       URL = {http://dx.doi.org/10.1112/S0024610704005952},
}
%
%
@article {Green:95,
    AUTHOR = {Green, James A.},
     TITLE = {Hall algebras, hereditary algebras and quantum groups},
   JOURNAL = {Invent. Math.},
  FJOURNAL = {Inventiones Mathematicae},
    VOLUME = {120},
      YEAR = {1995},
    NUMBER = {2},
     PAGES = {361--377},
      ISSN = {0020-9910},
     CODEN = {INVMBH},
   MRCLASS = {16G10 (16E30 16G20 16W30 16W50 17B37)},
  MRNUMBER = {1329046 (96c:16016)},
MRREVIEWER = {C. M. Ringel},
       DOI = {10.1007/BF01241133},
       URL = {http://dx.doi.org/10.1007/BF01241133},
}
%
%
@article {Grojnowski:96,
	    AUTHOR = {Grojnowski, I.},
	     TITLE = {Instantons and affine algebras. {I}. {T}he {H}ilbert scheme
	              and vertex operators},
	   JOURNAL = {Math. Res. Lett.},
	  FJOURNAL = {Mathematical Research Letters},
	    VOLUME = {3},
	      YEAR = {1996},
	    NUMBER = {2},
	     PAGES = {275--291},
	      ISSN = {1073-2780},
	   MRCLASS = {14J60 (14C05 14J26 17B69)},
	  MRNUMBER = {1386846 (97f:14041)},
	MRREVIEWER = {I. Dolgachev},
	       DOI = {10.4310/MRL.1996.v3.n2.a12},
	       URL = {http://dx.doi.org/10.4310/MRL.1996.v3.n2.a12},
}
%
%
@article{Groth:58:Chern,
	    AUTHOR = {Grothendieck, Alexander},
	     TITLE = {La th\'eorie des classes de {C}hern},
	   JOURNAL = {Bull. Soc. Math. France},
	  FJOURNAL = {Bulletin de la Soci\'et\'e Math\'ematique de France},
	    VOLUME = {86},
	      YEAR = {1958},
	     PAGES = {137--154},
	      ISSN = {0037-9484},
	   MRCLASS = {14.00},
	  MRNUMBER = {0116023 (22 \#6818)},
	MRREVIEWER = {R. Bott},
}
%
%
@article {Groth:58:inter,
	author = {Grothendieck, Alexander},
	journal = {S\'eminaire Claude Chevalley},
	language = {fre},
	pages = {1--36},
	publisher = {Secr\'etariat math\'ematique},
	title = {Sur quelques propri\'et\'es fondamentales en th\'eorie des intersections},
	url = {http://eudml.org/doc/110352},
	volume = {3},
	year = {1958},
}
%
%
@article {HW:11,
    AUTHOR = {Harada, Megumi and Wilkin, Graeme},
     TITLE = {Morse theory of the moment map for representations of quivers},
   JOURNAL = {Geom. Dedicata},
  FJOURNAL = {Geometriae Dedicata},
    VOLUME = {150},
      YEAR = {2011},
     PAGES = {307--353},
      ISSN = {0046-5755},
   MRCLASS = {53D20 (53C26 58D27)},
  MRNUMBER = {2753709},
MRREVIEWER = {Nicholas J. Proudfoot},
       DOI = {10.1007/s10711-010-9508-5},
       URL = {https://doi.org/10.1007/s10711-010-9508-5},
}
%
%
@book {Hartshorne:77,
	    AUTHOR = {Hartshorne, Robin},
	     TITLE = {Algebraic geometry},
	      NOTE = {Graduate Texts in Mathematics, No. 52},
	 PUBLISHER = {Springer-Verlag},
	   ADDRESS = {New York},
	      YEAR = {1977},
	     PAGES = {xvi+496},
	      ISBN = {0-387-90244-9},
	   MRCLASS = {14-01},
	  MRNUMBER = {0463157 (57 \#3116)},
	MRREVIEWER = {Robert Speiser},
}
%
%
@article {HM:98,
    AUTHOR = {Harvey, Jeffrey A. and Moore, Gregory},
     TITLE = {On the algebras of {BPS} states},
   JOURNAL = {Comm. Math. Phys.},
  FJOURNAL = {Communications in Mathematical Physics},
    VOLUME = {197},
      YEAR = {1998},
    NUMBER = {3},
     PAGES = {489--519},
      ISSN = {0010-3616},
   MRCLASS = {81T40 (11F22 14D21 14J81 17B67 32J81 81R10 81T30)},
  MRNUMBER = {1652775},
MRREVIEWER = {Bruce Hunt},
       DOI = {10.1007/s002200050461},
       URL = {https://doi.org/10.1007/s002200050461},
}
%
%
@book {Hatcher:02,
	    AUTHOR = {Hatcher, Allen},
	     TITLE = {Algebraic topology},
	 PUBLISHER = {Cambridge University Press},
	   ADDRESS = {Cambridge},
	      YEAR = {2002},
	     PAGES = {xii+544},
	      ISBN = {0-521-79160-X; 0-521-79540-0},
	   MRCLASS = {55-01 (55-00)},
	  MRNUMBER = {1867354 (2002k:55001)},
	MRREVIEWER = {Donald W. Kahn},
}
%
%
@article {HLV:13,
    AUTHOR = {Hausel, Tam{\'a}s and Letellier, Emmanuel and
              Rodriguez-Villegas, Fernando},
     TITLE = {Positivity for {K}ac polynomials and {DT}-invariants of
              quivers},
   JOURNAL = {Ann. of Math. (2)},
  FJOURNAL = {Annals of Mathematics. Second Series},
    VOLUME = {177},
      YEAR = {2013},
    NUMBER = {3},
     PAGES = {1147--1168},
      ISSN = {0003-486X},
   MRCLASS = {16G20 (05Exx)},
  MRNUMBER = {3034296},
MRREVIEWER = {Kyungyong Lee},
       DOI = {10.4007/annals.2013.177.3.8},
       URL = {http://dx.doi.org/10.4007/annals.2013.177.3.8},
}
%
%
@article {HK:98,
	    AUTHOR = {Hausmann, J.-C. and Knutson, A.},
	     TITLE = {The cohomology ring of polygon spaces},
	   JOURNAL = {Ann. Inst. Fourier (Grenoble)},
	  FJOURNAL = {Universit\'e de Grenoble. Annales de l'Institut Fourier},
	    VOLUME = {48},
	      YEAR = {1998},
	    NUMBER = {1},
	     PAGES = {281--321},
	      ISSN = {0373-0956},
	     CODEN = {AIFUA7},
	   MRCLASS = {58D99 (57N65 58F05)},
	  MRNUMBER = {1614965 (99a:58027)},
	MRREVIEWER = {Michel Brion},
	       URL = {http://www.numdam.org/item?id=AIF_1998__48_1_281_0},
}
%
@article {HRV:09,
    AUTHOR = {Helleloid, Geir T. and Rodriguez-Villegas, Fernando},
     TITLE = {Counting quiver representations over finite fields via graph
              enumeration},
   JOURNAL = {J. Algebra},
  FJOURNAL = {Journal of Algebra},
    VOLUME = {322},
      YEAR = {2009},
    NUMBER = {5},
     PAGES = {1689--1704},
      ISSN = {0021-8693},
     CODEN = {JALGA4},
   MRCLASS = {16G20 (05C30)},
  MRNUMBER = {2543630},
MRREVIEWER = {Justyna Kosakowska},
       DOI = {10.1016/j.jalgebra.2009.04.032},
       URL = {http://dx.doi.org/10.1016/j.jalgebra.2009.04.032},
}
%
@article {HM-L:13,
    AUTHOR = {Heller, Jeremiah and Malag{\'o}n-L{\'o}pez, Jos{\'e}},
     TITLE = {Equivariant algebraic cobordism},
   JOURNAL = {J. Reine Angew. Math.},
  FJOURNAL = {Journal f\"ur die Reine und Angewandte Mathematik. [Crelle's
              Journal]},
    VOLUME = {684},
      YEAR = {2013},
     PAGES = {87--112},
      ISSN = {0075-4102},
   MRCLASS = {14C15 (55N91)},
  MRNUMBER = {3181557},
}
%
%
@article {HH:14,
    AUTHOR = {Hering, Milena and Howard, Benjamin J.},
     TITLE = {The ring of evenly weighted points on the line},
   JOURNAL = {Math. Z.},
  FJOURNAL = {Mathematische Zeitschrift},
    VOLUME = {277},
      YEAR = {2014},
    NUMBER = {3-4},
     PAGES = {691--708},
      ISSN = {0025-5874},
   MRCLASS = {14L24 (13D40)},
  MRNUMBER = {3229960},
MRREVIEWER = {Gergely B{\'e}rczi},
       DOI = {10.1007/s00209-013-1272-4},
       URL = {http://dx.doi.org/10.1007/s00209-013-1272-4},
}
%
%
@article {Hesselink:79,
    AUTHOR = {Hesselink, Wim H.},
     TITLE = {Desingularizations of varieties of nullforms},
   JOURNAL = {Invent. Math.},
  FJOURNAL = {Inventiones Mathematicae},
    VOLUME = {55},
      YEAR = {1979},
    NUMBER = {2},
     PAGES = {141--163},
      ISSN = {0020-9910},
     CODEN = {INVMBH},
   MRCLASS = {14L30},
  MRNUMBER = {553706 (81b:14025)},
MRREVIEWER = {Klaus Pommerening},
       DOI = {10.1007/BF01390087},
       URL = {http://dx.doi.org/10.1007/BF01390087},
}
%
%
@incollection {Hille:98,
	    AUTHOR = {Hille, Lutz},
	     TITLE = {Toric quiver varieties},
	 BOOKTITLE = {Algebras and modules, {II} ({G}eiranger, 1996)},
	    SERIES = {CMS Conf. Proc.},
	    VOLUME = {24},
	     PAGES = {311--325},
	 PUBLISHER = {Amer. Math. Soc.},
	   ADDRESS = {Providence, RI},
	      YEAR = {1998},
	   MRCLASS = {14D25 (14M25 16G20)},
	  MRNUMBER = {1648634 (99h:14012)},
	MRREVIEWER = {Dmitrii A. Timash{\"e}v},
}
%
%
@unpublished {Hille:15,
	author = {Hille, Lutz},
	title = {Moduli of {R}epresentations, {Q}uiver {G}rassmannians, and {H}ilbert {S}chemes},
	year = {2015},
	note = {Preprint. arXiv:1505.06008},
}
%
%
@article {HK:11,
    AUTHOR = {Hornbostel, Jens and Kiritchenko, Valentina},
     TITLE = {Schubert calculus for algebraic cobordism},
   JOURNAL = {J. Reine Angew. Math.},
  FJOURNAL = {Journal f\"ur die Reine und Angewandte Mathematik. [Crelle's
              Journal]},
    VOLUME = {656},
      YEAR = {2011},
     PAGES = {59--85},
      ISSN = {0075-4102},
     CODEN = {JRMAA8},
   MRCLASS = {14F43 (14C15 14M15 14N15)},
  MRNUMBER = {2818856 (2012m:14036)},
MRREVIEWER = {Claudio Pedrini},
       DOI = {10.1515/CRELLE.2011.043},
       URL = {http://dx.doi.org/10.1515/CRELLE.2011.043},
}
%
%
@article {HMSV:09,
    AUTHOR = {Howard, Benjamin and Millson, John and Snowden, Andrew and
              Vakil, Ravi},
     TITLE = {The equations for the moduli space of {$n$} points on the
              line},
   JOURNAL = {Duke Math. J.},
  FJOURNAL = {Duke Mathematical Journal},
    VOLUME = {146},
      YEAR = {2009},
    NUMBER = {2},
     PAGES = {175--226},
      ISSN = {0012-7094},
     CODEN = {DUMJAO},
   MRCLASS = {14L24 (14D22 14H10)},
  MRNUMBER = {2477759},
MRREVIEWER = {Scott R. Nollet},
       DOI = {10.1215/00127094-2008-063},
       URL = {http://dx.doi.org/10.1215/00127094-2008-063},
}
%
%
@incollection {Howe:95,
    AUTHOR = {Howe, Roger},
     TITLE = {Perspectives on invariant theory: {S}chur duality,
              multiplicity-free actions and beyond},
 BOOKTITLE = {The {S}chur lectures (1992) ({T}el {A}viv)},
    SERIES = {Israel Math. Conf. Proc.},
    VOLUME = {8},
     PAGES = {1--182},
 PUBLISHER = {Bar-Ilan Univ., Ramat Gan},
      YEAR = {1995},
   MRCLASS = {13A50 (15A72 20G05 22E46)},
  MRNUMBER = {1321638 (96e:13006)},
MRREVIEWER = {Frank D. Grosshans},
       DOI = {10.1007/BF02771542},
       URL = {http://dx.doi.org/10.1007/BF02771542},
}
%
@article {Hua:00,
    AUTHOR = {Hua, Jiuzhao},
     TITLE = {Counting representations of quivers over finite fields},
   JOURNAL = {J. Algebra},
  FJOURNAL = {Journal of Algebra},
    VOLUME = {226},
      YEAR = {2000},
    NUMBER = {2},
     PAGES = {1011--1033},
      ISSN = {0021-8693},
   MRCLASS = {16G20},
  MRNUMBER = {1752774},
MRREVIEWER = {Lutz Hille},
       DOI = {10.1006/jabr.1999.8220},
       URL = {http://dx.doi.org/10.1006/jabr.1999.8220},
}
%
%
@article {Huisgen-Zimmermann:07,
    AUTHOR = {Huisgen-Zimmermann, Birge},
     TITLE = {Classifying representations by way of {G}rassmannians},
   JOURNAL = {Trans. Amer. Math. Soc.},
  FJOURNAL = {Transactions of the American Mathematical Society},
    VOLUME = {359},
      YEAR = {2007},
    NUMBER = {6},
     PAGES = {2687--2719},
      ISSN = {0002-9947},
   MRCLASS = {16G10 (14D20 14D22 16G20)},
  MRNUMBER = {2286052},
MRREVIEWER = {Ivan Arzhantsev},
       DOI = {10.1090/S0002-9947-07-03997-9},
       URL = {https://doi.org/10.1090/S0002-9947-07-03997-9},
}
%
%
@book {Humphreys:75,
    AUTHOR = {Humphreys, James E.},
     TITLE = {Linear algebraic groups},
      NOTE = {Graduate Texts in Mathematics, No. 21},
 PUBLISHER = {Springer-Verlag},
   ADDRESS = {New York},
      YEAR = {1975},
     PAGES = {xiv+247},
   MRCLASS = {20GXX (14LXX)},
  MRNUMBER = {0396773 (53 \#633)},
MRREVIEWER = {T. Ono},
}
%
%
@book {Humphreys:78,
    AUTHOR = {Humphreys, James E.},
     TITLE = {Introduction to {L}ie algebras and representation theory},
    SERIES = {Graduate Texts in Mathematics},
    VOLUME = {9},
      NOTE = {Second printing, revised},
 PUBLISHER = {Springer-Verlag, New York-Berlin},
      YEAR = {1978},
     PAGES = {xii+171},
      ISBN = {0-387-90053-5},
   MRCLASS = {17Bxx},
  MRNUMBER = {499562},
MRREVIEWER = {I. P. Shestakov},
}
%
%
@article {Iversen:72,
    AUTHOR = {Iversen, Birger},
     TITLE = {A fixed point formula for action of tori on algebraic
              varieties},
   JOURNAL = {Invent. Math.},
  FJOURNAL = {Inventiones Mathematicae},
    VOLUME = {16},
      YEAR = {1972},
     PAGES = {229--236},
      ISSN = {0020-9910},
   MRCLASS = {14L10},
  MRNUMBER = {299608},
MRREVIEWER = {J.-E. Bertin},
       DOI = {10.1007/BF01425495},
       URL = {https://doi.org/10.1007/BF01425495},
}
%
%
@book {Jantzen:03,
    AUTHOR = {Jantzen, Jens Carsten},
     TITLE = {Representations of algebraic groups},
    SERIES = {Mathematical Surveys and Monographs},
    VOLUME = {107},
   EDITION = {Second},
 PUBLISHER = {American Mathematical Society},
   ADDRESS = {Providence, RI},
      YEAR = {2003},
     PAGES = {xiv+576},
      ISBN = {0-8218-3527-0},
   MRCLASS = {20G05 (17B10)},
  MRNUMBER = {2015057 (2004h:20061)},
}
%
%
@article {Joyce:06:1,
    AUTHOR = {Joyce, Dominic},
     TITLE = {Configurations in abelian categories. {I}. {B}asic properties
              and moduli stacks},
   JOURNAL = {Adv. Math.},
  FJOURNAL = {Advances in Mathematics},
    VOLUME = {203},
      YEAR = {2006},
    NUMBER = {1},
     PAGES = {194--255},
      ISSN = {0001-8708},
   MRCLASS = {14D20 (14A20 18F20)},
  MRNUMBER = {2231046},
MRREVIEWER = {Hsian-Hua Tseng},
       DOI = {10.1016/j.aim.2005.04.008},
       URL = {https://doi.org/10.1016/j.aim.2005.04.008},
}
%
%
@article {Joyce:07:2,
    AUTHOR = {Joyce, Dominic},
     TITLE = {Configurations in abelian categories. {II}. {R}ingel-{H}all
              algebras},
   JOURNAL = {Adv. Math.},
  FJOURNAL = {Advances in Mathematics},
    VOLUME = {210},
      YEAR = {2007},
    NUMBER = {2},
     PAGES = {635--706},
      ISSN = {0001-8708},
   MRCLASS = {14D20 (14A20 14F05 16G20 18E10 18F20)},
  MRNUMBER = {2303235},
MRREVIEWER = {Hsian-Hua Tseng},
       DOI = {10.1016/j.aim.2006.07.006},
       URL = {https://doi.org/10.1016/j.aim.2006.07.006},
}
%
%
@article {Joyce:08:4,
    AUTHOR = {Joyce, Dominic},
     TITLE = {Configurations in abelian categories. {IV}. {I}nvariants and
              changing stability conditions},
   JOURNAL = {Adv. Math.},
  FJOURNAL = {Advances in Mathematics},
    VOLUME = {217},
      YEAR = {2008},
    NUMBER = {1},
     PAGES = {125--204},
      ISSN = {0001-8708},
   MRCLASS = {18E10 (14D20)},
  MRNUMBER = {2357325},
MRREVIEWER = {Hsian-Hua Tseng},
       DOI = {10.1016/j.aim.2007.06.011},
       URL = {https://doi.org/10.1016/j.aim.2007.06.011},
}
%
%
@article {Joyce:07:3,
    AUTHOR = {Joyce, Dominic},
     TITLE = {Configurations in abelian categories. {III}. {S}tability
              conditions and identities},
   JOURNAL = {Adv. Math.},
  FJOURNAL = {Advances in Mathematics},
    VOLUME = {215},
      YEAR = {2007},
    NUMBER = {1},
     PAGES = {153--219},
      ISSN = {0001-8708},
   MRCLASS = {18E10 (14D20)},
  MRNUMBER = {2354988},
MRREVIEWER = {Hsian-Hua Tseng},
       DOI = {10.1016/j.aim.2007.04.002},
       URL = {https://doi.org/10.1016/j.aim.2007.04.002},
}
%
%
@article {JS:12,
    AUTHOR = {Joyce, Dominic and Song, Yinan},
     TITLE = {A theory of generalized {D}onaldson-{T}homas invariants},
   JOURNAL = {Mem. Amer. Math. Soc.},
  FJOURNAL = {Memoirs of the American Mathematical Society},
    VOLUME = {217},
      YEAR = {2012},
    NUMBER = {1020},
     PAGES = {iv+199},
      ISSN = {0065-9266},
      ISBN = {978-0-8218-5279-8},
   MRCLASS = {14N35 (14D23 14F05 14J32)},
  MRNUMBER = {2951762},
MRREVIEWER = {Amin Gholampour},
       DOI = {10.1090/S0065-9266-2011-00630-1},
       URL = {https://doi.org/10.1090/S0065-9266-2011-00630-1},
}
%
%
@article {Kac:80,
    AUTHOR = {Kac, V. G.},
     TITLE = {Infinite root systems, representations of graphs and invariant
              theory},
   JOURNAL = {Invent. Math.},
  FJOURNAL = {Inventiones Mathematicae},
    VOLUME = {56},
      YEAR = {1980},
    NUMBER = {1},
     PAGES = {57--92},
      ISSN = {0020-9910},
     CODEN = {INVMBH},
   MRCLASS = {16A64 (05C99 14D25 17B20 17B65 17B70)},
  MRNUMBER = {557581 (82j:16050)},
MRREVIEWER = {C. M. Ringel},
       DOI = {10.1007/BF01403155},
       URL = {http://dx.doi.org/10.1007/BF01403155},
}
%
%
@article {Kac:82,
    AUTHOR = {Kac, V. G.},
     TITLE = {Infinite root systems, representations of graphs and invariant
              theory. {II}},
   JOURNAL = {J. Algebra},
  FJOURNAL = {Journal of Algebra},
    VOLUME = {78},
      YEAR = {1982},
    NUMBER = {1},
     PAGES = {141--162},
      ISSN = {0021-8693},
   MRCLASS = {17B10 (16A46 16A64 17B67)},
  MRNUMBER = {677715},
MRREVIEWER = {B. Weisfeiler},
       DOI = {10.1016/0021-8693(82)90105-3},
       URL = {https://doi.org/10.1016/0021-8693(82)90105-3},
}
%
%
@incollection {Kac:83,
    AUTHOR = {Kac, Victor G.},
     TITLE = {Root systems, representations of quivers and invariant theory},
 BOOKTITLE = {Invariant theory ({M}ontecatini, 1982)},
    SERIES = {Lecture Notes in Math.},
    VOLUME = {996},
     PAGES = {74--108},
 PUBLISHER = {Springer, Berlin},
      YEAR = {1983},
   MRCLASS = {14L30 (15A72 16A64 20G05)},
  MRNUMBER = {718127},
MRREVIEWER = {Klaus Pommerening},
       DOI = {10.1007/BFb0063236},
       URL = {http://dx.doi.org/10.1007/BFb0063236},
}
%
%
@preamble{
   "\def\cprime{$'$} "
}
@incollection {Kapranov:93,
    AUTHOR = {Kapranov, M. M.},
     TITLE = {Chow quotients of {G}rassmannians. {I}},
 BOOKTITLE = {I. {M}. {G}el\cprime fand {S}eminar},
    SERIES = {Adv. Soviet Math.},
    VOLUME = {16},
     PAGES = {29--110},
 PUBLISHER = {Amer. Math. Soc., Providence, RI},
      YEAR = {1993},
   MRCLASS = {14L30 (14M15 52B20 52B40)},
  MRNUMBER = {1237834},
MRREVIEWER = {Michel Brion},
}
%
%
@article {Kapranov:97,
    AUTHOR = {Kapranov, M. M.},
     TITLE = {Eisenstein series and quantum affine algebras},
      NOTE = {Algebraic geometry, 7},
   JOURNAL = {J. Math. Sci. (New York)},
  FJOURNAL = {Journal of Mathematical Sciences (New York)},
    VOLUME = {84},
      YEAR = {1997},
    NUMBER = {5},
     PAGES = {1311--1360},
      ISSN = {1072-3374},
     CODEN = {JMTSEW},
   MRCLASS = {11F55 (11F22 14F05 17B37)},
  MRNUMBER = {1465518 (98i:11033)},
MRREVIEWER = {I. Dolgachev},
       DOI = {10.1007/BF02399194},
       URL = {http://dx.doi.org/10.1007/BF02399194},
}
%
%
@book{KS:13,
  title={Sheaves on Manifolds: With a Short History.{\guillemotleft}Les d{\'e}buts de la th{\'e}orie des faisceaux{\guillemotright}. By Christian Houzel},
  author={Kashiwara, Masaki and Schapira, Pierre},
  volume={292},
  year={2013},
  publisher={Springer Science \& Business Media}
}
%
%
@article {Kempf:78,
    AUTHOR = {Kempf, George R.},
     TITLE = {Instability in invariant theory},
   JOURNAL = {Ann. of Math. (2)},
  FJOURNAL = {Annals of Mathematics. Second Series},
    VOLUME = {108},
      YEAR = {1978},
    NUMBER = {2},
     PAGES = {299--316},
      ISSN = {0003-486X},
     CODEN = {ANMAAH},
   MRCLASS = {20G05 (14L30 14M99 15A72)},
  MRNUMBER = {506989 (80c:20057)},
MRREVIEWER = {V. L. Popov},
       DOI = {10.2307/1971168},
       URL = {http://dx.doi.org/10.2307/1971168},
}
%
%
@inproceedings {KN:79,
    AUTHOR = {Kempf, George and Ness, Linda},
     TITLE = {The length of vectors in representation spaces},
 BOOKTITLE = {Algebraic geometry ({P}roc. {S}ummer {M}eeting, {U}niv.
              {C}openhagen, {C}openhagen, 1978)},
    SERIES = {Lecture Notes in Math.},
    VOLUME = {732},
     PAGES = {233--243},
 PUBLISHER = {Springer, Berlin},
      YEAR = {1979},
   MRCLASS = {14L30 (20G05)},
  MRNUMBER = {555701},
MRREVIEWER = {V. L. Popov},
}

%
%
@article{King:94,
	    AUTHOR = {King, Alastair D.},
	     TITLE = {Moduli of representations of finite-dimensional algebras},
	   JOURNAL = {Quart. J. Math. Oxford Ser. (2)},
	  FJOURNAL = {The Quarterly Journal of Mathematics. Oxford. Second Series},
	    VOLUME = {45},
	      YEAR = {1994},
	    NUMBER = {180},
	     PAGES = {515--530},
	      ISSN = {0033-5606},
	     CODEN = {QJMAAT},
	   MRCLASS = {16G10 (14D25)},
	  MRNUMBER = {1315461 (96a:16009)},
	       DOI = {10.1093/qmath/45.4.515},
	       URL = {http://dx.doi.org/10.1093/qmath/45.4.515},
}
%
%
@article {KW:95,
	    AUTHOR = {King, Alastair D. and Walter, Charles H.},
	     TITLE = {On {C}how rings of fine moduli spaces of modules},
	   JOURNAL = {J. Reine Angew. Math.},
	  FJOURNAL = {Journal f\"ur die Reine und Angewandte Mathematik},
	    VOLUME = {461},
	      YEAR = {1995},
	     PAGES = {179--187},
	      ISSN = {0075-4102},
	     CODEN = {JRMAA8},
	   MRCLASS = {14C15 (14D20)},
	  MRNUMBER = {1324213 (96e:14004)},
	MRREVIEWER = {Jean-Marc Drezet},
	       DOI = {10.1515/crll.1995.461.179},
	       URL = {http://dx.doi.org/10.1515/crll.1995.461.179},
}
%
%
@article {Kinser:13,
    AUTHOR = {Kinser, Ryan},
     TITLE = {Tree modules and counting polynomials},
   JOURNAL = {Algebr. Represent. Theory},
  FJOURNAL = {Algebras and Representation Theory},
    VOLUME = {16},
      YEAR = {2013},
    NUMBER = {5},
     PAGES = {1333--1347},
      ISSN = {1386-923X},
   MRCLASS = {16G20},
  MRNUMBER = {3102957},
MRREVIEWER = {Salahattin {\"O}zdemir},
       DOI = {10.1007/s10468-012-9359-x},
       URL = {http://dx.doi.org/10.1007/s10468-012-9359-x},
}
%
%
@article {KW:19,
    AUTHOR = {Kinser, Ryan and Weist, Thorsten},
     TITLE = {Tree normal forms for quiver representations},
   JOURNAL = {Doc. Math.},
  FJOURNAL = {Documenta Mathematica},
    VOLUME = {24},
      YEAR = {2019},
     PAGES = {1245--1294},
      ISSN = {1431-0635},
   MRCLASS = {16G20},
  MRNUMBER = {4012554},
}
%
%
@book {Kirwan:84,
	    AUTHOR = {Kirwan, Frances Clare},
	     TITLE = {Cohomology of quotients in symplectic and algebraic geometry},
	    SERIES = {Mathematical Notes},
	    VOLUME = {31},
	 PUBLISHER = {Princeton University Press},
	   ADDRESS = {Princeton, NJ},
	      YEAR = {1984},
	     PAGES = {i+211},
	      ISBN = {0-691-08370-3},
	   MRCLASS = {58F05 (14D25 14L30)},
	  MRNUMBER = {766741 (86i:58050)},
	MRREVIEWER = {Martin A. Guest},
}
%
%
@unpublished {KS:08,
	author = {Kontsevich, Maxim and Soibelman, Yan},
	title = {Stability structures, motivic {D}onaldson-{T}homas invariants and cluster transformations},
	year = {2008},
	note = {Preprint. arXiv:0811.2435},
}
%
%
@incollection {KS:10,
    AUTHOR = {Kontsevich, Maxim and Soibelman, Yan},
     TITLE = {Motivic {D}onaldson-{T}homas invariants: summary of results},
 BOOKTITLE = {Mirror symmetry and tropical geometry},
    SERIES = {Contemp. Math.},
    VOLUME = {527},
     PAGES = {55--89},
 PUBLISHER = {Amer. Math. Soc., Providence, RI},
      YEAR = {2010},
   MRCLASS = {14N35 (14C15 14F05 14J32 18E30)},
  MRNUMBER = {2681792 (2011k:14066)},
MRREVIEWER = {Bal{\'a}zs Szendr{\H{o}}i},
       DOI = {10.1090/conm/527/10400},
       URL = {http://dx.doi.org/10.1090/conm/527/10400},
}
%
%
@article {KS:11,
	    AUTHOR = {Kontsevich, Maxim and Soibelman, Yan},
	     TITLE = {Cohomological {H}all algebra, exponential {H}odge structures
	              and motivic {D}onaldson-{T}homas invariants},
	   JOURNAL = {Commun. Number Theory Phys.},
	  FJOURNAL = {Communications in Number Theory and Physics},
	    VOLUME = {5},
	      YEAR = {2011},
	    NUMBER = {2},
	     PAGES = {231--352},
	      ISSN = {1931-4523},
	   MRCLASS = {14N35 (14F43 16G20)},
	  MRNUMBER = {2851153 (2012k:14079)},
	MRREVIEWER = {Mark Gross},
	       DOI = {10.4310/CNTP.2011.v5.n2.a1},
	       URL = {http://dx.doi.org/10.4310/CNTP.2011.v5.n2.a1},
}
%
%
@book {Kraft:84,
	    AUTHOR = {Kraft, Hanspeter},
	     TITLE = {Geometrische {M}ethoden in der {I}nvariantentheorie},
	    SERIES = {Aspects of Mathematics, D1},
	 PUBLISHER = {Friedr. Vieweg \& Sohn},
	   ADDRESS = {Braunschweig},
	      YEAR = {1984},
	     PAGES = {x+308},
	      ISBN = {3-528-08525-8},
	   MRCLASS = {14D25 (14L30)},
	  MRNUMBER = {768181 (86j:14006)},
	MRREVIEWER = {J. C. Fogarty},
}
%
%
@book {Lang:02,
	    AUTHOR = {Lang, Serge},
	     TITLE = {Algebra},
	    SERIES = {Graduate Texts in Mathematics},
	    VOLUME = {211},
	   EDITION = {third},
	 PUBLISHER = {Springer-Verlag},
	   ADDRESS = {New York},
	      YEAR = {2002},
	     PAGES = {xvi+914},
	      ISBN = {0-387-95385-X},
	   MRCLASS = {00A05 (15-02)},
	  MRNUMBER = {1878556 (2003e:00003)},
	       DOI = {10.1007/978-1-4613-0041-0},
	       URL = {http://dx.doi.org/10.1007/978-1-4613-0041-0},
}
%
%
@book {LM-B:00,
    AUTHOR = {Laumon, G{\'e}rard and Moret-Bailly, Laurent},
     TITLE = {Champs alg\'ebriques},
    SERIES = {Ergebnisse der Mathematik und ihrer Grenzgebiete. 3. Folge. A
              Series of Modern Surveys in Mathematics [Results in
              Mathematics and Related Areas. 3rd Series. A Series of Modern
              Surveys in Mathematics]},
    VOLUME = {39},
 PUBLISHER = {Springer-Verlag},
   ADDRESS = {Berlin},
      YEAR = {2000},
     PAGES = {xii+208},
      ISBN = {3-540-65761-4},
   MRCLASS = {14A20 (14D20)},
  MRNUMBER = {1771927 (2001f:14006)},
MRREVIEWER = {Dan Edidin},
}
%
%
@article {LeBruyn:97,
    AUTHOR = {Le Bruyn, Lieven},
     TITLE = {Nilpotent representations},
   JOURNAL = {J. Algebra},
  FJOURNAL = {Journal of Algebra},
    VOLUME = {197},
      YEAR = {1997},
    NUMBER = {1},
     PAGES = {153--177},
      ISSN = {0021-8693},
   MRCLASS = {14L35 (16G20)},
  MRNUMBER = {1480781},
MRREVIEWER = {Michel Brion},
       DOI = {10.1006/jabr.1997.7122},
       URL = {https://doi.org/10.1006/jabr.1997.7122},
}
%
%
@book {LeBruyn:08,
    AUTHOR = {Le Bruyn, Lieven},
     TITLE = {Noncommutative geometry and {C}ayley-smooth orders},
    SERIES = {Pure and Applied Mathematics (Boca Raton)},
    VOLUME = {290},
 PUBLISHER = {Chapman \& Hall/CRC, Boca Raton, FL},
      YEAR = {2008},
     PAGES = {lxiv+524},
      ISBN = {978-1-4200-6422-3; 1-4200-6422-3},
   MRCLASS = {16S38 (14A22 16G20 16H05)},
  MRNUMBER = {2356702 (2009b:16067)},
MRREVIEWER = {Daniel Larsson},
}
%
%
@article {LP:90,
    AUTHOR = {Le Bruyn, Lieven and Procesi, Claudio},
     TITLE = {Semisimple representations of quivers},
   JOURNAL = {Trans. Amer. Math. Soc.},
  FJOURNAL = {Transactions of the American Mathematical Society},
    VOLUME = {317},
      YEAR = {1990},
    NUMBER = {2},
     PAGES = {585--598},
      ISSN = {0002-9947},
   MRCLASS = {16A64 (14D25 14L30)},
  MRNUMBER = {958897},
MRREVIEWER = {Alfred G. Wiedemann},
       DOI = {10.2307/2001477},
       URL = {https://doi.org/10.2307/2001477},
}
%
%
@article {Lehn:99,
	    AUTHOR = {Lehn, Manfred},
	     TITLE = {Chern classes of tautological sheaves on {H}ilbert schemes of
	              points on surfaces},
	   JOURNAL = {Invent. Math.},
	  FJOURNAL = {Inventiones Mathematicae},
	    VOLUME = {136},
	      YEAR = {1999},
	    NUMBER = {1},
	     PAGES = {157--207},
	      ISSN = {0020-9910},
	     CODEN = {INVMBH},
	   MRCLASS = {14C05 (14C17 14F05)},
	  MRNUMBER = {1681097 (2000h:14003)},
	MRREVIEWER = {Raquel Mallavibarrena},
	       DOI = {10.1007/s002220050307},
	       URL = {http://dx.doi.org/10.1007/s002220050307},
}
%
%
@article {LS:01,
	    AUTHOR = {Lehn, Manfred and Sorger, Christoph},
	     TITLE = {Symmetric groups and the cup product on the cohomology of
	              {H}ilbert schemes},
	   JOURNAL = {Duke Math. J.},
	  FJOURNAL = {Duke Mathematical Journal},
	    VOLUME = {110},
	      YEAR = {2001},
	    NUMBER = {2},
	     PAGES = {345--357},
	      ISSN = {0012-7094},
	     CODEN = {DUMJAO},
	   MRCLASS = {14C05 (20B30)},
	  MRNUMBER = {1865244 (2002i:14004)},
	MRREVIEWER = {Raquel Mallavibarrena},
	       DOI = {10.1215/S0012-7094-01-11026-0},
	       URL = {http://dx.doi.org/10.1215/S0012-7094-01-11026-0},
}
%
%
@book {LM:07,
    AUTHOR = {Levine, M. and Morel, F.},
     TITLE = {Algebraic cobordism},
    SERIES = {Springer Monographs in Mathematics},
 PUBLISHER = {Springer, Berlin},
      YEAR = {2007},
     PAGES = {xii+244},
      ISBN = {978-3-540-36822-9; 3-540-36822-1},
   MRCLASS = {14F43 (14C15 14L05)},
  MRNUMBER = {2286826 (2008a:14029)},
MRREVIEWER = {Claudio Pedrini},
}
%
%
@article {Lorscheid:15,
    AUTHOR = {Lorscheid, Oliver},
     TITLE = {Schubert decompositions for quiver {G}rassmannians of tree
              modules},
      NOTE = {With an appendix by Thorsten Weist},
   JOURNAL = {Algebra Number Theory},
  FJOURNAL = {Algebra \& Number Theory},
    VOLUME = {9},
      YEAR = {2015},
    NUMBER = {6},
     PAGES = {1337--1362},
      ISSN = {1937-0652},
   MRCLASS = {14M15 (05C05 16G20)},
  MRNUMBER = {3397404},
MRREVIEWER = {Kavita Sutar},
       URL = {https://doi.org/10.2140/ant.2015.9.1337},
}
%
%
@article {LW:19:2,
    AUTHOR = {Lorscheid, Oliver and Weist, Thorsten},
     TITLE = {Representation type via {E}uler characteristics and
              singularities of quiver {G}rassmannians},
   JOURNAL = {Bull. Lond. Math. Soc.},
  FJOURNAL = {Bulletin of the London Mathematical Society},
    VOLUME = {51},
      YEAR = {2019},
    NUMBER = {5},
     PAGES = {815--835},
      ISSN = {0024-6093},
   MRCLASS = {14M15 (13F60 16G20 16G60)},
  MRNUMBER = {4022429},
       DOI = {10.1112/blms.12272},
       URL = {https://doi.org/10.1112/blms.12272},
}
%
%
@article {LW:19:1,
    AUTHOR = {Lorscheid, Oliver and Weist, Thorsten},
     TITLE = {Pl\"{u}cker relations for quiver {G}rassmannians},
   JOURNAL = {Algebr. Represent. Theory},
  FJOURNAL = {Algebras and Representation Theory},
    VOLUME = {22},
      YEAR = {2019},
    NUMBER = {1},
     PAGES = {211--218},
      ISSN = {1386-923X},
   MRCLASS = {14D20 (14M15)},
  MRNUMBER = {3908900},
MRREVIEWER = {Ryan David Kinser},
       DOI = {10.1007/s10468-017-9762-4},
       URL = {https://doi.org/10.1007/s10468-017-9762-4},
}
%
%
@article {LW:19:3,
    AUTHOR = {Lorscheid, Oliver and Weist, Thorsten},
     TITLE = {Quiver {G}rassmannians of extended {D}ynkin type {D} - {P}art 1:
              {S}chubert systems and decompositions into affine spaces},
   JOURNAL = {Mem. Amer. Math. Soc.},
  FJOURNAL = {Memoirs of the American Mathematical Society},
    VOLUME = {261},
      YEAR = {2019},
    NUMBER = {1258},
     PAGES = {v+78},
      ISSN = {0065-9266},
      ISBN = {978-1-4704-3647-6; 978-1-4704-5399-2},
   MRCLASS = {16G20 (05E10 13F60 14M15 14N15 16G60)},
  MRNUMBER = {4031099},
       DOI = {10.1090/memo/1258},
       URL = {https://doi.org/10.1090/memo/1258},
}
%
%
%
%
@unpublished {LW:15:2,
	author = {Lorscheid, Oliver and Weist, Thorsten},
	title = {Quiver {G}rassmannians of extended {D}ynkin type {D} - {P}art 2: {S}chubert decompositions and {F}-polynomials},
	year = {2015},
	note = {Preprint. arXiv:1507.00395},
}
%
%
@preamble{
   "\def\cprime{$'$} "
}
@article {Lusztig:90,
    AUTHOR = {Lusztig, G.},
     TITLE = {Canonical bases arising from quantized enveloping algebras},
   JOURNAL = {J. Amer. Math. Soc.},
  FJOURNAL = {Journal of the American Mathematical Society},
    VOLUME = {3},
      YEAR = {1990},
    NUMBER = {2},
     PAGES = {447--498},
      ISSN = {0894-0347},
   MRCLASS = {17B35 (16A64)},
  MRNUMBER = {1035415 (90m:17023)},
MRREVIEWER = {Ya. S. So{\u\i}bel{\cprime}man},
       DOI = {10.2307/1990961},
       URL = {http://dx.doi.org/10.2307/1990961},
}
%
%
@article {Lusztig:91,
    AUTHOR = {Lusztig, G.},
     TITLE = {Quivers, perverse sheaves, and quantized enveloping algebras},
   JOURNAL = {J. Amer. Math. Soc.},
  FJOURNAL = {Journal of the American Mathematical Society},
    VOLUME = {4},
      YEAR = {1991},
    NUMBER = {2},
     PAGES = {365--421},
      ISSN = {0894-0347},
   MRCLASS = {17B37 (17B67 20G05)},
  MRNUMBER = {1088333 (91m:17018)},
MRREVIEWER = {H. H. Andersen},
       DOI = {10.2307/2939279},
       URL = {http://dx.doi.org/10.2307/2939279},
}
%
%
@article {Lusztig:98,
    AUTHOR = {Lusztig, G.},
     TITLE = {On quiver varieties},
   JOURNAL = {Adv. Math.},
  FJOURNAL = {Advances in Mathematics},
    VOLUME = {136},
      YEAR = {1998},
    NUMBER = {1},
     PAGES = {141--182},
      ISSN = {0001-8708},
   MRCLASS = {16G10 (17B10)},
  MRNUMBER = {1623674},
MRREVIEWER = {C. M. Ringel},
       DOI = {10.1006/aima.1998.1729},
       URL = {https://doi.org/10.1006/aima.1998.1729},
}
%
%
@book {Macdonald:95,
    AUTHOR = {Macdonald, I. G.},
     TITLE = {Symmetric functions and {H}all polynomials},
    SERIES = {Oxford Mathematical Monographs},
   EDITION = {Second},
      NOTE = {With contributions by A. Zelevinsky,
              Oxford Science Publications},
 PUBLISHER = {The Clarendon Press, Oxford University Press, New York},
      YEAR = {1995},
     PAGES = {x+475},
      ISBN = {0-19-853489-2},
   MRCLASS = {05E05 (05-02 20C30 20C33 20K01 33C80 33D80)},
  MRNUMBER = {1354144 (96h:05207)},
MRREVIEWER = {John R. Stembridge},
}
%
%
@book {MacLane:71,
    AUTHOR = {MacLane, Saunders},
     TITLE = {Categories for the working mathematician},
      NOTE = {Graduate Texts in Mathematics, Vol. 5},
 PUBLISHER = {Springer-Verlag},
   ADDRESS = {New York},
      YEAR = {1971},
     PAGES = {ix+262},
   MRCLASS = {18-02},
  MRNUMBER = {0354798 (50 \#7275)},
MRREVIEWER = {H.-B. Brinkmann},
}
%
%
@article {Maffei:02,
    AUTHOR = {Maffei, Andrea},
     TITLE = {A remark on quiver varieties and {W}eyl groups},
   JOURNAL = {Ann. Sc. Norm. Super. Pisa Cl. Sci. (5)},
  FJOURNAL = {Annali della Scuola Normale Superiore di Pisa. Classe di
              Scienze. Serie V},
    VOLUME = {1},
      YEAR = {2002},
    NUMBER = {3},
     PAGES = {649--686},
      ISSN = {0391-173X},
   MRCLASS = {14L24 (16G20)},
  MRNUMBER = {1990675},
MRREVIEWER = {Ivan V. Arzhantsev},
}
%
%
@book {Manivel:98,
    AUTHOR = {Manivel, Laurent},
     TITLE = {Fonctions sym\'etriques, polyn\^omes de {S}chubert et lieux de
              d\'eg\'en\'erescence},
    SERIES = {Cours Sp\'ecialis\'es [Specialized Courses]},
    VOLUME = {3},
 PUBLISHER = {Soci\'et\'e Math\'ematique de France, Paris},
      YEAR = {1998},
     PAGES = {vi+179},
      ISBN = {2-85629-066-3},
   MRCLASS = {05E05 (05E10 14M12 14M15)},
  MRNUMBER = {1638048 (99k:05159)},
MRREVIEWER = {Harry Tamvakis},
}
%
%
@article {MR:19,
    AUTHOR = {Meinhardt, Sven and Reineke, Markus},
     TITLE = {Donaldson-{T}homas invariants versus intersection cohomology
              of quiver moduli},
   JOURNAL = {J. Reine Angew. Math.},
  FJOURNAL = {Journal f\"{u}r die Reine und Angewandte Mathematik. [Crelle's
              Journal]},
    VOLUME = {754},
      YEAR = {2019},
     PAGES = {143--178},
      ISSN = {0075-4102},
   MRCLASS = {14N35 (16G20)},
  MRNUMBER = {4000572},
       DOI = {10.1515/crelle-2017-0010},
       URL = {https://doi.org/10.1515/crelle-2017-0010},
}
%
%
@article {Mozgovoy:07,
    AUTHOR = {Mozgovoy, Sergey},
     TITLE = {A computational criterion for the {K}ac conjecture},
   JOURNAL = {J. Algebra},
  FJOURNAL = {Journal of Algebra},
    VOLUME = {318},
      YEAR = {2007},
    NUMBER = {2},
     PAGES = {669--679},
      ISSN = {0021-8693},
   MRCLASS = {16G20 (17B67)},
  MRNUMBER = {2371965},
MRREVIEWER = {Xin Tang},
       DOI = {10.1016/j.jalgebra.2007.02.018},
       URL = {https://doi.org/10.1016/j.jalgebra.2007.02.018},
}
%
%
@article {Mozgovoy:13,
    AUTHOR = {Mozgovoy, Sergey},
     TITLE = {Motivic {D}onaldson-{T}homas invariants and the {K}ac
              conjecture},
   JOURNAL = {Compos. Math.},
  FJOURNAL = {Compositio Mathematica},
    VOLUME = {149},
      YEAR = {2013},
    NUMBER = {3},
     PAGES = {495--504},
      ISSN = {0010-437X},
   MRCLASS = {16G20 (14N35)},
  MRNUMBER = {3040748},
MRREVIEWER = {Artem A. Lopatin},
       DOI = {10.1112/S0010437X13007148},
       URL = {https://doi.org/10.1112/S0010437X13007148},
}
%
%
@article {MR:09,
    AUTHOR = {Mozgovoy, Sergey and Reineke, Markus},
     TITLE = {On the number of stable quiver representations over finite
              fields},
   JOURNAL = {J. Pure Appl. Algebra},
  FJOURNAL = {Journal of Pure and Applied Algebra},
    VOLUME = {213},
      YEAR = {2009},
    NUMBER = {4},
     PAGES = {430--439},
      ISSN = {0022-4049},
     CODEN = {JPAAA2},
   MRCLASS = {16G20},
  MRNUMBER = {2483828 (2010h:16036)},
       DOI = {10.1016/j.jpaa.2008.07.019},
       URL = {http://dx.doi.org/10.1016/j.jpaa.2008.07.019},
}
%
%
@book{Mukai:03,
	    AUTHOR = {Mukai, Shigeru},
	     TITLE = {An introduction to invariants and moduli},
	    SERIES = {Cambridge Studies in Advanced Mathematics},
	    VOLUME = {81},
	      NOTE = {Translated from the 1998 and 2000 Japanese editions by W. M.
	              Oxbury},
	 PUBLISHER = {Cambridge University Press},
	   ADDRESS = {Cambridge},
	      YEAR = {2003},
	     PAGES = {xx+503},
	      ISBN = {0-521-80906-1},
	   MRCLASS = {14-02 (14D20 14L24 14L30)},
	  MRNUMBER = {2004218 (2004g:14002)},
	MRREVIEWER = {Arvid Siqveland},
}
%
%
@article {Nakajima:94,
    AUTHOR = {Nakajima, Hiraku},
     TITLE = {Instantons on {ALE} spaces, quiver varieties, and
              {K}ac-{M}oody algebras},
   JOURNAL = {Duke Math. J.},
  FJOURNAL = {Duke Mathematical Journal},
    VOLUME = {76},
      YEAR = {1994},
    NUMBER = {2},
     PAGES = {365--416},
      ISSN = {0012-7094},
     CODEN = {DUMJAO},
   MRCLASS = {53C25 (17B67 58D27 58E15)},
  MRNUMBER = {1302318 (95i:53051)},
MRREVIEWER = {Andrew Dancer},
       DOI = {10.1215/S0012-7094-94-07613-8},
       URL = {http://dx.doi.org/10.1215/S0012-7094-94-07613-8},
}
%
%
@incollection {Nakajima:96,
	    AUTHOR = {Nakajima, Hiraku},
	     TITLE = {Varieties associated with quivers},
	 BOOKTITLE = {Representation theory of algebras and related topics ({M}exico
	              {C}ity, 1994)},
	    SERIES = {CMS Conf. Proc.},
	    VOLUME = {19},
	     PAGES = {139--157},
	 PUBLISHER = {Amer. Math. Soc.},
	   ADDRESS = {Providence, RI},
	      YEAR = {1996},
	   MRCLASS = {16G20 (14J60 14L30)},
	  MRNUMBER = {1388562 (97m:16022)},
	MRREVIEWER = {I. Dolgachev},
}
%
%
@article {Nakajima:97,
	    AUTHOR = {Nakajima, Hiraku},
	     TITLE = {Heisenberg algebra and {H}ilbert schemes of points on
	              projective surfaces},
	   JOURNAL = {Ann. of Math. (2)},
	  FJOURNAL = {Annals of Mathematics. Second Series},
	    VOLUME = {145},
	      YEAR = {1997},
	    NUMBER = {2},
	     PAGES = {379--388},
	      ISSN = {0003-486X},
	     CODEN = {ANMAAH},
	   MRCLASS = {14C05 (17B67)},
	  MRNUMBER = {1441880 (98h:14006)},
	MRREVIEWER = {Daniel Huybrechts},
	       DOI = {10.2307/2951818},
	       URL = {http://dx.doi.org/10.2307/2951818},
}
%
%
@article {Nakajima:98,
    AUTHOR = {Nakajima, Hiraku},
     TITLE = {Quiver varieties and {K}ac-{M}oody algebras},
   JOURNAL = {Duke Math. J.},
  FJOURNAL = {Duke Mathematical Journal},
    VOLUME = {91},
      YEAR = {1998},
    NUMBER = {3},
     PAGES = {515--560},
      ISSN = {0012-7094},
   MRCLASS = {17B67 (14D25 16G20 17B35 53C25 58F05)},
  MRNUMBER = {1604167},
MRREVIEWER = {Michael M. Kapranov},
       DOI = {10.1215/S0012-7094-98-09120-7},
       URL = {https://doi.org/10.1215/S0012-7094-98-09120-7},
}
%
%
@article {Nakajima:11,
    AUTHOR = {Nakajima, Hiraku},
     TITLE = {Quiver varieties and cluster algebras},
   JOURNAL = {Kyoto J. Math.},
  FJOURNAL = {Kyoto Journal of Mathematics},
    VOLUME = {51},
      YEAR = {2011},
    NUMBER = {1},
     PAGES = {71--126},
      ISSN = {2156-2261},
   MRCLASS = {13F60 (14D21 16G20 17B37)},
  MRNUMBER = {2784748},
MRREVIEWER = {Kyungyong Lee},
       DOI = {10.1215/0023608X-2010-021},
       URL = {https://doi.org/10.1215/0023608X-2010-021},
}
%
%
@article {Nazarova:73,
    AUTHOR = {Nazarova, L. A.},
     TITLE = {Representations of quivers of infinite type},
   JOURNAL = {Izv. Akad. Nauk SSSR Ser. Mat.},
  FJOURNAL = {Izvestiya Akademii Nauk SSSR. Seriya Matematicheskaya},
    VOLUME = {37},
      YEAR = {1973},
     PAGES = {752--791},
      ISSN = {0373-2436},
   MRCLASS = {15A21},
  MRNUMBER = {0338018 (49 \#2785)},
MRREVIEWER = {I. Reiner},
}
%
%
@book{Newstead:78,
	    AUTHOR = {Newstead, P. E.},
	     TITLE = {Introduction to moduli problems and orbit spaces},
	    SERIES = {Tata Institute of Fundamental Research Lectures on Mathematics
	              and Physics},
	    VOLUME = {51},
	 PUBLISHER = {Tata Institute of Fundamental Research},
	   ADDRESS = {Bombay},
	      YEAR = {1978},
	     PAGES = {vi+183},
	      ISBN = {0-387-08851-2},
	   MRCLASS = {14-02 (14D20)},
	  MRNUMBER = {546290 (81k:14002)},
	MRREVIEWER = {G. Horrocks},
}
%
@unpublished{OEIS,
	AUTHOR={{OEIS}{\ }{F}oundation},
	TITLE={The {O}n-Line {E}ncyclopedia of {I}nteger {S}equences ({OEIS})},
	NOTE="\url{https://oeis.org/}",
}

%
@article {PPZ:15,
    AUTHOR = {Pandharipande, Rahul and Pixton, Aaron and Zvonkine, Dimitri},
     TITLE = {Relations on {$\overline{\mathcal{M}}_{g,n}$} via {$3$}-spin
              structures},
   JOURNAL = {J. Amer. Math. Soc.},
  FJOURNAL = {Journal of the American Mathematical Society},
    VOLUME = {28},
      YEAR = {2015},
    NUMBER = {1},
     PAGES = {279--309},
      ISSN = {0894-0347},
   MRCLASS = {14H10 (14N35)},
  MRNUMBER = {3264769},
MRREVIEWER = {Shengmao Zhu},
       DOI = {10.1090/S0894-0347-2014-00808-0},
       URL = {http://dx.doi.org/10.1090/S0894-0347-2014-00808-0},
}
%
%
@article {Qin:12,
    AUTHOR = {Qin, Fan},
     TITLE = {Quantum cluster variables via {S}erre polynomials},
      NOTE = {With an appendix by Bernhard Keller},
   JOURNAL = {J. Reine Angew. Math.},
  FJOURNAL = {Journal f\"{u}r die Reine und Angewandte Mathematik. [Crelle's
              Journal]},
    VOLUME = {668},
      YEAR = {2012},
     PAGES = {149--190},
      ISSN = {0075-4102},
   MRCLASS = {13F60 (81R50)},
  MRNUMBER = {2948875},
MRREVIEWER = {Kyungyong Lee},
}
%
%
@article {Reineke:03,
	    AUTHOR = {Reineke, Markus},
	     TITLE = {The {H}arder-{N}arasimhan system in quantum groups and
	              cohomology of quiver moduli},
	   JOURNAL = {Invent. Math.},
	  FJOURNAL = {Inventiones Mathematicae},
	    VOLUME = {152},
	      YEAR = {2003},
	    NUMBER = {2},
	     PAGES = {349--368},
	      ISSN = {0020-9910},
	     CODEN = {INVMBH},
	   MRCLASS = {16G20 (14L24 17B37)},
	  MRNUMBER = {1974891 (2004a:16028)},
	MRREVIEWER = {Michel Van den Bergh},
	       DOI = {10.1007/s00222-002-0273-4},
	       URL = {http://dx.doi.org/10.1007/s00222-002-0273-4},
}
%
%
@article {Reineke:05,
	    AUTHOR = {Reineke, Markus},
	     TITLE = {Cohomology of noncommutative {H}ilbert schemes},
	   JOURNAL = {Algebr. Represent. Theory},
	  FJOURNAL = {Algebras and Representation Theory},
	    VOLUME = {8},
	      YEAR = {2005},
	    NUMBER = {4},
	     PAGES = {541--561},
	      ISSN = {1386-923X},
	     CODEN = {ARTHF4},
	   MRCLASS = {16G20 (14D20 16S38)},
	  MRNUMBER = {2199209 (2006j:16025)},
	MRREVIEWER = {Jon Eivind Vatne},
	       DOI = {10.1007/s10468-005-8762-y},
	       URL = {http://dx.doi.org/10.1007/s10468-005-8762-y},
}
%
%
@article {Reineke:06,
    AUTHOR = {Reineke, Markus},
     TITLE = {Counting rational points of quiver moduli},
   JOURNAL = {Int. Math. Res. Not.},
  FJOURNAL = {International Mathematics Research Notices},
      YEAR = {2006},
     PAGES = {Art. ID 70456, 19},
      ISSN = {1073-7928},
   MRCLASS = {14D20 (14G15 16G20 18E30)},
  MRNUMBER = {2250021 (2008d:14020)},
       DOI = {10.1155/IMRN/2006/70456},
       URL = {http://dx.doi.org/10.1155/IMRN/2006/70456},
}
%
%
@article {Reineke:08_Framed,
	    AUTHOR = {Reineke, Markus},
	     TITLE = {Framed quiver moduli, cohomology, and quantum groups},
	   JOURNAL = {J. Algebra},
	  FJOURNAL = {Journal of Algebra},
	    VOLUME = {320},
	      YEAR = {2008},
	    NUMBER = {1},
	     PAGES = {94--115},
	      ISSN = {0021-8693},
	     CODEN = {JALGA4},
	   MRCLASS = {16G20 (14C15 14J15)},
	  MRNUMBER = {2417980 (2009d:16021)},
	MRREVIEWER = {Ivan V. Arzhantsev},
	       DOI = {10.1016/j.jalgebra.2008.01.025},
	       URL = {http://dx.doi.org/10.1016/j.jalgebra.2008.01.025},
}
%
%
@incollection{Reineke:08,
	    AUTHOR = {Reineke, Markus},
	     TITLE = {Moduli of representations of quivers},
	 BOOKTITLE = {Trends in representation theory of algebras and related
	              topics},
	    SERIES = {EMS Ser. Congr. Rep.},
	     PAGES = {589--637},
	 PUBLISHER = {Eur. Math. Soc., Z\"urich},
	      YEAR = {2008},
	   MRCLASS = {16G20},
	  MRNUMBER = {2484736 (2010a:16026)},
	MRREVIEWER = {Martin Herschend},
	       DOI = {10.4171/062-1/14},
	       URL = {http://dx.doi.org/10.4171/062-1/14},
}
%
%
@article {Reineke:12,
    AUTHOR = {Reineke, Markus},
     TITLE = {Degenerate cohomological {H}all algebra and quantized
              {D}onaldson-{T}homas invariants for {$m$}-loop quivers},
   JOURNAL = {Doc. Math.},
  FJOURNAL = {Documenta Mathematica},
    VOLUME = {17},
      YEAR = {2012},
     PAGES = {1--22},
      ISSN = {1431-0635},
   MRCLASS = {16G20 (05E05 14N35)},
  MRNUMBER = {2889742},
MRREVIEWER = {Jin Yun Guo},
}
%
%
@article {Reineke:13,
    AUTHOR = {Reineke, Markus},
     TITLE = {Every projective variety is a quiver {G}rassmannian},
   JOURNAL = {Algebr. Represent. Theory},
  FJOURNAL = {Algebras and Representation Theory},
    VOLUME = {16},
      YEAR = {2013},
    NUMBER = {5},
     PAGES = {1313--1314},
      ISSN = {1386-923X},
   MRCLASS = {14A10 (16G20)},
  MRNUMBER = {3102955},
MRREVIEWER = {Ada Boralevi},
       DOI = {10.1007/s10468-012-9357-z},
       URL = {https://doi.org/10.1007/s10468-012-9357-z},
}
%
%
@incollection {Reineke:17,
    AUTHOR = {Reineke, Markus},
     TITLE = {Quiver moduli and small desingularizations of some {GIT}
              quotients},
 BOOKTITLE = {Representation theory---current trends and perspectives},
    SERIES = {EMS Ser. Congr. Rep.},
     PAGES = {613--635},
 PUBLISHER = {Eur. Math. Soc., Z\"{u}rich},
      YEAR = {2017},
   MRCLASS = {16G20 (14D20 14L24 55N33)},
  MRNUMBER = {3644807},
MRREVIEWER = {M\'{a}ty\'{a}s Domokos},
}
%
%
@article {RSW:12,
	    AUTHOR = {Reineke, Markus and Stoppa, Jacopo and Weist, Thorsten},
	     TITLE = {M{PS} degeneration formula for quiver moduli and refined
	              {GW}/{K}ronecker correspondence},
	   JOURNAL = {Geom. Topol.},
	  FJOURNAL = {Geometry \& Topology},
	    VOLUME = {16},
	      YEAR = {2012},
	    NUMBER = {4},
	     PAGES = {2097--2134},
	      ISSN = {1465-3060},
	   MRCLASS = {16G20 (14N35 14T05)},
	  MRNUMBER = {3033514},
	       DOI = {10.2140/gt.2012.16.2097},
	       URL = {http://dx.doi.org/10.2140/gt.2012.16.2097},
}
%
%
@article {RW:13,
    AUTHOR = {Reineke, Markus and Weist, Thorsten},
     TITLE = {Refined {GW}/{K}ronecker correspondence},
   JOURNAL = {Math. Ann.},
  FJOURNAL = {Mathematische Annalen},
    VOLUME = {355},
      YEAR = {2013},
    NUMBER = {1},
     PAGES = {17--56},
      ISSN = {0025-5831},
   MRCLASS = {14N35},
  MRNUMBER = {3004575},
MRREVIEWER = {Siu-Cheong Lau},
       DOI = {10.1007/s00208-012-0778-0},
       URL = {https://doi.org/10.1007/s00208-012-0778-0},
}
%
%
@article{Riedtmann:80,
	author = {Riedtmann, Christine},
	title = {Darstellungsk{\"o}cher, {{\"U}}berlagerungen und zur{\"u}ck},
	journal = {Comment. Math. Helv.},
	fjournal = {Commentarii Mathematici Helvetici},
	volume = {55},
	year = {1980},
	number = {2},
	pages = {199--224},
}
%
%
@unpublished{Rimanyi:13,
	author = {Rim{\'a}nyi, Rich{\'a}rd},
	title = {On the {C}ohomological {H}all {A}lgebra of {D}ynkin quivers},
	year = {2013},
	note = {Preprint. arXiv:1303.3399}
}
%
%
@article {Ringel:76,
    AUTHOR = {Ringel, Claus Michael},
     TITLE = {Representations of {$K$}-species and bimodules},
   JOURNAL = {J. Algebra},
  FJOURNAL = {Journal of Algebra},
    VOLUME = {41},
      YEAR = {1976},
    NUMBER = {2},
     PAGES = {269--302},
      ISSN = {0021-8693},
   MRCLASS = {16A64},
  MRNUMBER = {0422350 (54 \#10340)},
MRREVIEWER = {Ju. A. Drozd},
}
%
@inproceedings {Ringel:98,
    AUTHOR = {Ringel, Claus Michael},
     TITLE = {Exceptional modules are tree modules},
 BOOKTITLE = {Proceedings of the {S}ixth {C}onference of the {I}nternational
              {L}inear {A}lgebra {S}ociety ({C}hemnitz, 1996)},
   JOURNAL = {Linear Algebra Appl.},
  FJOURNAL = {Linear Algebra and its Applications},
    VOLUME = {275/276},
      YEAR = {1998},
     PAGES = {471--493},
      ISSN = {0024-3795},
     CODEN = {LAAPAW},
   MRCLASS = {16G20 (16D80)},
  MRNUMBER = {1628405},
MRREVIEWER = {Otto Kerner},
       DOI = {10.1016/S0024-3795(97)10046-5},
       URL = {http://dx.doi.org/10.1016/S0024-3795(97)10046-5},
}
	
%
@article {Ringel:90,
    AUTHOR = {Ringel, Claus Michael},
     TITLE = {Hall algebras and quantum groups},
   JOURNAL = {Invent. Math.},
  FJOURNAL = {Inventiones Mathematicae},
    VOLUME = {101},
      YEAR = {1990},
    NUMBER = {3},
     PAGES = {583--591},
      ISSN = {0020-9910},
     CODEN = {INVMBH},
   MRCLASS = {16E60 (16G60 16P10 16S30 17B37)},
  MRNUMBER = {1062796 (91i:16024)},
MRREVIEWER = {Jie Du},
       DOI = {10.1007/BF01231516},
       URL = {http://dx.doi.org/10.1007/BF01231516},
}
%
%
@incollection {Ringel:93,
    AUTHOR = {Ringel, Claus Michael},
     TITLE = {Hall algebras revisited},
 BOOKTITLE = {Quantum deformations of algebras and their representations
              ({R}amat-{G}an, 1991/1992; {R}ehovot, 1991/1992)},
    SERIES = {Israel Math. Conf. Proc.},
    VOLUME = {7},
     PAGES = {171--176},
 PUBLISHER = {Bar-Ilan Univ.},
   ADDRESS = {Ramat Gan},
      YEAR = {1993},
   MRCLASS = {16G10 (16W30 17B37)},
  MRNUMBER = {1261907 (94k:16021)},
}
%
%
@article {Ringel:18,
    AUTHOR = {Ringel, Claus Michael},
     TITLE = {Quiver {G}rassmannians for wild acyclic quivers},
   JOURNAL = {Proc. Amer. Math. Soc.},
  FJOURNAL = {Proceedings of the American Mathematical Society},
    VOLUME = {146},
      YEAR = {2018},
    NUMBER = {5},
     PAGES = {1873--1877},
      ISSN = {0002-9939},
   MRCLASS = {16G20 (14D20 16G60)},
  MRNUMBER = {3767342},
MRREVIEWER = {Thorsten Weist},
       DOI = {10.1090/proc/13882},
       URL = {https://doi.org/10.1090/proc/13882},
}
%
%
@article {Romagny:05,
    AUTHOR = {Romagny, Matthieu},
     TITLE = {Group actions on stacks and applications},
   JOURNAL = {Michigan Math. J.},
  FJOURNAL = {Michigan Mathematical Journal},
    VOLUME = {53},
      YEAR = {2005},
    NUMBER = {1},
     PAGES = {209--236},
      ISSN = {0026-2285},
   MRCLASS = {14A20 (14H10)},
  MRNUMBER = {2125542},
MRREVIEWER = {Ivan S. Kausz},
       DOI = {10.1307/mmj/1114021093},
       URL = {https://doi.org/10.1307/mmj/1114021093},
}
%
%
@article {Rupel:11,
    AUTHOR = {Rupel, Dylan},
     TITLE = {On a quantum analog of the {C}aldero-{C}hapoton formula},
   JOURNAL = {Int. Math. Res. Not. IMRN},
  FJOURNAL = {International Mathematics Research Notices. IMRN},
      YEAR = {2011},
    NUMBER = {14},
     PAGES = {3207--3236},
      ISSN = {1073-7928},
   MRCLASS = {13F60 (16G20)},
  MRNUMBER = {2817677},
MRREVIEWER = {Kyungyong Lee},
       DOI = {10.1093/imrn/rnq192},
       URL = {https://doi.org/10.1093/imrn/rnq192},
}
%
%
@article{RW:20,
	author = {Rupel, Dylan and Weist, Thorsten},
	title = {Cell {D}ecompositions for {R}ank {T}wo {Q}uiver {G}rassmannians},
	journal = {Math. Z.},
	fjournal = {Mathematische Zeitschrift},
	volume = {295},
	year = {2020},
	number = {3--4},
	pages = {993--1038}
}
%
%
%
@book {Schiffler:14,
    AUTHOR = {Schiffler, Ralf},
     TITLE = {Quiver representations},
    SERIES = {CMS Books in Mathematics/Ouvrages de Math\'{e}matiques de la SMC},
 PUBLISHER = {Springer, Cham},
      YEAR = {2014},
     PAGES = {xii+230},
      ISBN = {978-3-319-09203-4; 978-3-319-09204-1},
   MRCLASS = {16G20 (16G70)},
  MRNUMBER = {3308668},
MRREVIEWER = {Alex Martsinkovsky},
       DOI = {10.1007/978-3-319-09204-1},
       URL = {https://doi.org/10.1007/978-3-319-09204-1},
}
%
%
@article{SV:13,
	author = {Schiffmann, Olivier and Vasserot, Eric},
	title = {The elliptic {H}all algebra and the {$K$}-theory of the {H}ilbert scheme of {$\mathbb{A}^2$}},
	journal = {Duke Math. J.},
	fjournal = {Duke Mathematical Journal},
	volume = {162},
	year = {2013},
	number = {2},
	pages = {279--366}
}
%
%
@article {Schofield:92,
    AUTHOR = {Schofield, Aidan},
     TITLE = {General representations of quivers},
   JOURNAL = {Proc. London Math. Soc. (3)},
  FJOURNAL = {Proceedings of the London Mathematical Society. Third Series},
    VOLUME = {65},
      YEAR = {1992},
    NUMBER = {1},
     PAGES = {46--64},
      ISSN = {0024-6115},
     CODEN = {PLMTAL},
   MRCLASS = {16G20 (16D70)},
  MRNUMBER = {1162487 (93d:16014)},
MRREVIEWER = {Zygmunt Pogorza{\l}y},
       DOI = {10.1112/plms/s3-65.1.46},
       URL = {http://dx.doi.org/10.1112/plms/s3-65.1.46},
}
%
%
@article {Schofield:01,
    AUTHOR = {Schofield, Aidan},
     TITLE = {Birational classification of moduli spaces of representations
              of quivers},
   JOURNAL = {Indag. Math. (N.S.)},
  FJOURNAL = {Koninklijke Nederlandse Akademie van Wetenschappen.
              Indagationes Mathematicae. New Series},
    VOLUME = {12},
      YEAR = {2001},
    NUMBER = {3},
     PAGES = {407--432},
      ISSN = {0019-3577},
   MRCLASS = {16G20 (14L30)},
  MRNUMBER = {1914089},
MRREVIEWER = {Iain G. Gordon},
       DOI = {10.1016/S0019-3577(01)80019-7},
       URL = {https://doi.org/10.1016/S0019-3577(01)80019-7},
}
%
%
@book {SGA_I_1,
    AUTHOR = {Grothendieck, Alexander},
     TITLE = {Rev\^etements \'etales et groupe fondamental. {F}asc. {I}:
              {E}xpos\'es 1 \`a 5},
    SERIES = {S\'eminaire de G\'eom\'etrie Alg\'ebrique},
    VOLUME = {1960/61},
 PUBLISHER = {Institut des Hautes \'Etudes Scientifiques},
   ADDRESS = {Paris},
      YEAR = {1963},
     PAGES = {iv+143 pp. (not consecutively paged) (loose errata)},
   MRCLASS = {14.55},
  MRNUMBER = {0217087 (36 \#179a)},
}
%
%
@book {SGA_I_2,
    AUTHOR = {Grothendieck, Alexander},
     TITLE = {Rev\^etements \'etales et groupe fondamental. {F}asc. {II}:
              {E}xpos\'es 6, 8 \`a 11},
    SERIES = {S\'eminaire de G\'eom\'etrie Alg\'ebrique},
    VOLUME = {1960/61},
 PUBLISHER = {Institut des Hautes \'Etudes Scientifiques},
   ADDRESS = {Paris},
      YEAR = {1963},
     PAGES = {i+163 pp. (not consecutively paged) (loose errata)},
   MRCLASS = {14.55},
  MRNUMBER = {0217088 (36 \#179b)},
MRREVIEWER = {T. Oda},
}
%
@article{Serre:58,
  title={Espaces fibr{\'e}s alg{\'e}briques},
  author={Serre, J-P},
  journal={S{\'e}minaire Claude Chevalley},
  volume={3},
  pages={1--37},
  year={1958}
}
%
@book {Serre:00,
	    AUTHOR = {Serre, Jean-Pierre},
	     TITLE = {Local algebra},
	    SERIES = {Springer Monographs in Mathematics},
	      NOTE = {Translated from the French by CheeWhye Chin and revised by the
	              author},
	 PUBLISHER = {Springer-Verlag},
	   ADDRESS = {Berlin},
	      YEAR = {2000},
	     PAGES = {xiv+128},
	      ISBN = {3-540-66641-9},
	   MRCLASS = {13-01 (13D05 13H05 13H15)},
	  MRNUMBER = {1771925 (2001b:13001)},
}
%
%
@article {Simpson:94,
    AUTHOR = {Simpson, Carlos T.},
     TITLE = {Moduli of representations of the fundamental group of a smooth
              projective variety. {I}},
   JOURNAL = {Inst. Hautes \'{E}tudes Sci. Publ. Math.},
  FJOURNAL = {Institut des Hautes \'{E}tudes Scientifiques. Publications
              Math\'{e}matiques},
    NUMBER = {79},
      YEAR = {1994},
     PAGES = {47--129},
      ISSN = {0073-8301},
   MRCLASS = {14D20 (14D22 14D25 14F05)},
  MRNUMBER = {1307297},
MRREVIEWER = {Nitin Nitsure},
       URL = {http://www.numdam.org/item?id=PMIHES_1994__79__47_0},
}
%
%
@book {Slodowy:80,
    AUTHOR = {Slodowy, Peter},
     TITLE = {Four lectures on simple groups and singularities},
    SERIES = {Communications of the Mathematical Institute,
              Rijksuniversiteit Utrecht},
    VOLUME = {11},
 PUBLISHER = {Rijksuniversiteit Utrecht, Mathematical Institute, Utrecht},
      YEAR = {1980},
     PAGES = {ii+64},
   MRCLASS = {14B05 (14J17 17B20 20C30 32B30)},
  MRNUMBER = {563725},
MRREVIEWER = {I. Dolgachev},
}
%
@unpublished{Soibelman:14,
	author = {Soibelman, Yan},
	title = {Remarks on {C}ohomological {H}all algebras and their representations},
	year = {2014},
	note = {Preprint. arXiv:1404.1606}
}
%
%
@book{Springer:98,
	    AUTHOR = {Springer, T. A.},
	     TITLE = {Linear algebraic groups},
	    SERIES = {Progress in Mathematics},
	    VOLUME = {9},
	   EDITION = {Second},
	 PUBLISHER = {Birkh\"auser Boston Inc.},
	   ADDRESS = {Boston, MA},
	      YEAR = {1998},
	     PAGES = {xiv+334},
	      ISBN = {0-8176-4021-5},
	   MRCLASS = {20G15 (14L10)},
	  MRNUMBER = {1642713 (99h:20075)},
	MRREVIEWER = {Andy R. Magid},
	       DOI = {10.1007/978-0-8176-4840-4},
	       URL = {http://dx.doi.org/10.1007/978-0-8176-4840-4},
}
%
%
@misc{Stacks-project,
    shorthand    = {Stacks},
    author       = {{The Stacks Project Authors}},
    title        = {\textit{Stacks Project}},
    howpublished = {\url{https://stacks.math.columbia.edu}},
    year         = {2018},
}
%
%
@book {Stanley:99,
	    AUTHOR = {Stanley, Richard P.},
	     TITLE = {Enumerative combinatorics. {V}ol. 2},
	    SERIES = {Cambridge Studies in Advanced Mathematics},
	    VOLUME = {62},
	      NOTE = {With a foreword by Gian-Carlo Rota and appendix 1 by Sergey
	              Fomin},
	 PUBLISHER = {Cambridge University Press},
	   ADDRESS = {Cambridge},
	      YEAR = {1999},
	     PAGES = {xii+581},
	      ISBN = {0-521-56069-1; 0-521-78987-7},
	   MRCLASS = {05A15 (05-02 05E05 05E10 68R05)},
	  MRNUMBER = {1676282 (2000k:05026)},
	MRREVIEWER = {Ira Gessel},
	       DOI = {10.1017/CBO9780511609589},
	       URL = {http://dx.doi.org/10.1017/CBO9780511609589},
}
%
%
@book {Stanley:12,
	    AUTHOR = {Stanley, Richard P.},
	     TITLE = {Enumerative combinatorics. {V}olume 1},
	    SERIES = {Cambridge Studies in Advanced Mathematics},
	    VOLUME = {49},
	   EDITION = {Second},
	 PUBLISHER = {Cambridge University Press},
	   ADDRESS = {Cambridge},
	      YEAR = {2012},
	     PAGES = {xiv+626},
	      ISBN = {978-1-107-60262-5},
	   MRCLASS = {05-02 (05A15 06-02)},
	  MRNUMBER = {2868112},
}
%
%
@article{Thaddeus:96,
	author = {Thaddeus, Michael},
	title = {Geometric invariant theory and flips},
	journal = {J. Amer. Math. Soc.},
	fjournal = {Journal of the American Mathematical Society},
	volume = {9},
	year = {1996},
	number = {3},
	pages = {691--723}
}
%
%
@incollection {Totaro:99,
    AUTHOR = {Totaro, Burt},
     TITLE = {The {C}how ring of a classifying space},
 BOOKTITLE = {Algebraic {$K$}-theory ({S}eattle, {WA}, 1997)},
    SERIES = {Proc. Sympos. Pure Math.},
    VOLUME = {67},
     PAGES = {249--281},
 PUBLISHER = {Amer. Math. Soc.},
   ADDRESS = {Providence, RI},
      YEAR = {1999},
   MRCLASS = {14C15 (14L30 55N91)},
  MRNUMBER = {1743244 (2001f:14011)},
MRREVIEWER = {Dan Edidin},
}
%
%
@article {Vishik:07,
    AUTHOR = {Vishik, A.},
     TITLE = {Symmetric operations in algebraic cobordism},
   JOURNAL = {Adv. Math.},
  FJOURNAL = {Advances in Mathematics},
    VOLUME = {213},
      YEAR = {2007},
    NUMBER = {2},
     PAGES = {489--552},
      ISSN = {0001-8708},
     CODEN = {ADMTA4},
   MRCLASS = {14F43 (14C15 19E15)},
  MRNUMBER = {2332601 (2008j:14040)},
MRREVIEWER = {Claudio Pedrini},
       DOI = {10.1016/j.aim.2006.12.012},
       URL = {http://dx.doi.org/10.1016/j.aim.2006.12.012},
}
%
%
@article {Vistoli:89,
    AUTHOR = {Vistoli, Angelo},
     TITLE = {Intersection theory on algebraic stacks and on their moduli
              spaces},
   JOURNAL = {Invent. Math.},
  FJOURNAL = {Inventiones Mathematicae},
    VOLUME = {97},
      YEAR = {1989},
    NUMBER = {3},
     PAGES = {613--670},
      ISSN = {0020-9910},
     CODEN = {INVMBH},
   MRCLASS = {14C17 (14A20 14D20)},
  MRNUMBER = {1005008 (90k:14004)},
MRREVIEWER = {Steven E. Landsburg},
       DOI = {10.1007/BF01388892},
       URL = {http://dx.doi.org/10.1007/BF01388892},
}
%
%
@unpublished {Vistoli:04,
	author = {Vistoli, Angelo},
	title = {Notes on {G}rothendieck topologies, fibered categories and descent theory},
	year = {2004},
	note = {Preprint. arXiv:0412.512}	
}
%
%
@book {Voisin:07:1,
    AUTHOR = {Voisin, Claire},
     TITLE = {Hodge theory and complex algebraic geometry. {I}},
    SERIES = {Cambridge Studies in Advanced Mathematics},
    VOLUME = {76},
   EDITION = {English},
      NOTE = {Translated from the French by Leila Schneps},
 PUBLISHER = {Cambridge University Press, Cambridge},
      YEAR = {2007},
     PAGES = {x+322},
      ISBN = {978-0-521-71801-1},
   MRCLASS = {32J25 (14C30 14D07 32G20)},
  MRNUMBER = {2451566},
}
%
%
@book {Voisin:07:2,
    AUTHOR = {Voisin, Claire},
     TITLE = {Hodge theory and complex algebraic geometry. {II}},
    SERIES = {Cambridge Studies in Advanced Mathematics},
    VOLUME = {77},
   EDITION = {English},
      NOTE = {Translated from the French by Leila Schneps},
 PUBLISHER = {Cambridge University Press, Cambridge},
      YEAR = {2007},
     PAGES = {x+351},
      ISBN = {978-0-521-71802-8},
   MRCLASS = {32J25 (14C30 14D07 32G20)},
  MRNUMBER = {2449178},
}
%
%
@book {Weibel:94,
    AUTHOR = {Weibel, Charles A.},
     TITLE = {An introduction to homological algebra},
    SERIES = {Cambridge Studies in Advanced Mathematics},
    VOLUME = {38},
 PUBLISHER = {Cambridge University Press},
   ADDRESS = {Cambridge},
      YEAR = {1994},
     PAGES = {xiv+450},
      ISBN = {0-521-43500-5; 0-521-55987-1},
   MRCLASS = {18-01 (16-01 17-01 20-01 55Uxx)},
  MRNUMBER = {1269324 (95f:18001)},
MRREVIEWER = {Kenneth A. Brown},
}
%
%
@article {Weist:13,
    AUTHOR = {Weist, Thorsten},
     TITLE = {Localization in quiver moduli spaces},
   JOURNAL = {Represent. Theory},
  FJOURNAL = {Representation Theory. An Electronic Journal of the American
              Mathematical Society},
    VOLUME = {17},
      YEAR = {2013},
     PAGES = {382--425},
      ISSN = {1088-4165},
   MRCLASS = {14D20 (16G20)},
  MRNUMBER = {3073549},
MRREVIEWER = {Jon Eivind Vatne},
       DOI = {10.1090/S1088-4165-2013-00436-3},
       URL = {http://dx.doi.org/10.1090/S1088-4165-2013-00436-3},
}
%
%
@article {Weist:12,
    AUTHOR = {Weist, Thorsten},
     TITLE = {Tree modules},
   JOURNAL = {Bull. Lond. Math. Soc.},
  FJOURNAL = {Bulletin of the London Mathematical Society},
    VOLUME = {44},
      YEAR = {2012},
    NUMBER = {5},
     PAGES = {882--898},
      ISSN = {0024-6093},
   MRCLASS = {16G20 (16E30)},
  MRNUMBER = {2975149},
MRREVIEWER = {Bang Ming Deng},
       DOI = {10.1112/blms/bds019},
       URL = {http://dx.doi.org/10.1112/blms/bds019},
}
%
%
@phdthesis{Weist:15,
	type = {Habilitation},
	author = {Weist, Thorsten},
	title = {Tree structures in the geometric representation theory of quivers},
	school = {Bergische {U}niversit{\"a}t {W}uppertal},
	year = {2015}
}
%
%
@unpublished{Wolf:09,
	author = {Wolf, Stefan},
	title = {A geometric version of {BGP} reflection functors},
	year = {2009},
	note = {Preprint. arXiv:0908.4244},
}
%
%
@unpublished {Xiao:14,
	author = {Xiao, Xinli},
	title = {The double of representations of {C}ohomological {H}all Algebra for {$A_1$}-quiver},
	year = {2014},
	note = {Preprint. arXiv:1407.7593}	
}
%
%
@article {Young:15,
    AUTHOR = {Young, Matthew B.},
     TITLE = {Self-dual quiver moduli and orientifold {D}onaldson-{T}homas
              invariants},
   JOURNAL = {Commun. Number Theory Phys.},
  FJOURNAL = {Communications in Number Theory and Physics},
    VOLUME = {9},
      YEAR = {2015},
    NUMBER = {3},
     PAGES = {437--475},
      ISSN = {1931-4523},
   MRCLASS = {81T30 (14L24 14N35 16G20)},
  MRNUMBER = {3399924},
}
%
%
@unpublished {Young:16,
	author = {Young, Matthew B.},
	title = {Representations of cohomological {H}all algebras and {D}onaldson-{T}homas theory with classical structure groups},
	year = {2016},
	note = {Preprint. arXiv:1603.05401}
}
%
%
@article {Zhang:91,
    AUTHOR = {Zhang, Ying Bo},
     TITLE = {The structure of stable components},
   JOURNAL = {Canad. J. Math.},
  FJOURNAL = {Canadian Journal of Mathematics. Journal Canadien de
              Math\'{e}matiques},
    VOLUME = {43},
      YEAR = {1991},
    NUMBER = {3},
     PAGES = {652--672},
      ISSN = {0008-414X},
   MRCLASS = {16G70 (16G10)},
  MRNUMBER = {1118014},
MRREVIEWER = {Dieter Happel},
       DOI = {10.4153/CJM-1991-038-1},
       URL = {https://doi.org/10.4153/CJM-1991-038-1},
}
%
% ------------------------------
%
%
